2942 4884
184 239 234 312 aa.
280 277 285 286 ·
483 213 512 294 J.
557 199 803 284 L'auannr
845 205 1196 298 surrentum

299 417 302 429 ,
345 351 517 438 Perplacuit
541 349 745 434 speslaculum·
769 349 967 432 antiquitatis,
991 352 1021 414 sc
1041 349 1216 432 aliquandiu
1228 348 1373 428 -suamaf

339 438 445 524 jeslate
459 460 520 502 non
535 440 629 504 modo
644 439 717 506 mihi
730 440 865 512 attraxit,
879 441 1097 501 seminariam
1111 438 1241 502 detinuit
1254 439 1375 512 oculus.

345 532 443 594 Tanti
457 529 603 592 momenti
619 526 661 588 est
680 527 841 592 commode
855 525 985 588 incidisse
1009 527 1050 590 in
1061 549 1126 598 rem
1139 524 1241 588 studio
1255 527 1371 600 defide-

342 635 438 682 ratam
452 637 574 700 magno.
620 617 757 688 Materia,
780 631 849 697 quae
871 613 1041 695 ipsissimam
1055 612 1145 697 sigilli
1158 611 1321 677 formam
1314 635 1373 684 rm

342 705 467 790 pressam
482 706 604 788 accepit,
628 705 658 764 &
681 703 719 764 ad
745 703 807 766 huc
821 701 948 766 fideliter
963 703 1082 773 retinet,
1105 723 1172 766 cera
1188 701 1312 766 coloris
1319 724 1373 765 ru·

341 795 391 858 bri
405 791 458 867 est,
482 814 552 896 quae
566 789 707 854 violentia
722 791 833 873 aliqua,
849 789 896 852 vel
908 791 1053 872 temporis
1069 791 1179 869 injuria
1192 791 1291 874 longi
1288 809 1373 854 com

341 885 469 956 minute,
492 884 522 944 in
538 896 633 960 partes
656 879 726 942 hinc
741 879 813 942 inde
827 876 1017 943 diffinditure
1049 879 1090 941 ita
1105 893 1213 953 umen,
1237 880 1374 942 utnulla

340 966 481 1058 prorsum
491 967 684 1032 desideretur
728 969 807 1030 Nam
819 964 995 1049 fragmenta
1012 963 1192 1050 casualiquo
1204 984 1286 1049 prtus
1296 987 1373 1030 con

292 1064 297 1074 '
340 1057 430 1131 cussa,
454 1055 493 1118 fic
465 1069 645 1138 targentea
661 1054 779 1130 lamina,
801 1075 873 1137 qnae
894 1051 1070 1119 orbicularis
1085 1053 1204 1138 figura,
1227 1054 1340 1147 qualis
1336 1057 1374 1119 ἃ

272 1207 274 1214 ,
342 1143 429 1227 sigilli
444 1142 541 1219 sacies,
564 1141 616 1217 est,
638 1144 773 1226 undique
786 1142 1019 1218 concluduntur
1043 1157 1079 1204 ut
1092 1160 1197 1206 eorum
1213 1161 1281 1223 pars
1298 1143 1374 1206 reci·

342 1233 397 1294 dat
410 1233 500 1296 nulla.
546 1228 719 1296 inscribitur
743 1232 822 1294 enim
836 1231 883 1294 hir
907 1231 1034 1294 titulis
1027 1251 1059 1294 rn
1077 1227 1202 1312 speciem
1217 1230 1373 1307 brevibus,

342 1317 394 1384 sed
418 1317 534 1402 reipsa
559 1317 805 1402 splendidissimis,
835 1319 1027 1402 amplissimis,
1051 1317 1372 1402 magnificentiffimisr

344 1427 555 1474 terarcrvs
580 1423 772 1470 earumve
798 1424 1242 1480 natantianatantia,
1268 1424 1374 1471 orn·

344 1512 493 1570 tenura,
520 1513 644 1560 nacta
673 1513 931 1560 rueeaanoa.
976 1498 1080 1578 Atque
1094 1495 1160 1557 hac
1182 1493 1308 1578 quidem
1323 1495 1374 1558 ln·

343 1581 465 1666 scriptio
484 1583 571 1667 sigilli
584 1582 687 1646 orbem
712 1585 861 1646 extimum
873 1584 1006 1646 circinat.
1053 1583 1193 1644 Anterior
1212 1584 1276 1659 ejns
1301 1603 1373 1666 pars

343 1692 397 1755 per
410 1671 558 1734 circulum
571 1669 770 1750 crystallinum
787 1671 936 1754 pellucida
950 1668 1003 1745 esl,
1025 1692 1090 1753 quo
1112 1685 1229 1735 remoto
1245 1672 1325 1754 tangi
1341 1668 1373 1734 se

272 1809 275 1818 .
341 1759 455 1842 patitur
470 1779 536 1822 cera
547 1761 610 1840 jam
624 1777 685 1841 prae
699 1760 879 1844 antiquitate
893 1757 1053 1824 durissima.
1099 1757 1220 1842 Effigies
1229 1778 1302 1828 vero
1311 1763 1374 1823 Ατ-

341 1848 411 1910 turii
426 1849 563 1930 impressa
577 1843 666 1910 refert
680 1844 777 1910 nescio
788 1867 880 1929 quam
890 1847 1042 1914 heroicam
1056 1844 1248 1928 majestatem.
1292 1850 1371 1910 Pur·

342 1955 420 2018 pura
434 1938 513 1998 enim
539 1935 677 2018 regaliter
699 1935 826 2002 indutus
840 1936 979 2017 Princeps
999 1932 1080 1999 sedet
1094 1932 1180 2016 super
1194 1934 1374 1999 henricum·-

342 2023 420 2098 lum,
444 2023 561 2106 qualem
577 2023 713 2088 videmus
725 2023 864 2105 plurium
875 2043 990 2088 arcum.
1035 2027 1142 2105 Capite
1155 2038 1299 2087 coronato
1309 2020 1374 2086 sul·

341 2125 404 2197 get.
450 2115 487 2176 ln
502 2110 625 2176 dextera
651 2108 807 2194 consurgit
827 2108 974 2194 sceptrum
993 2108 1089 2194 ipsum
1104 2112 1233 2180 liliatum
1249 2112 1374 2181 vertice,

343 2198 465 2263 Sinistra
486 2219 557 2262 vero
576 2201 683 2266 orbem
701 2220 792 2266 cruce
808 2198 982 2283 insignitum
1005 2198 1375 2282 complecteremur

342 2307 467 2370 quoque
490 2289 651 2370 prominet,
675 2287 797 2354 &illud
811 2289 900 2351 etiam
913 2285 1072 2380 majestatis
1093 2284 1146 2350 est.
1191 2288 1264 2351 Pars
1281 2285 1376 2351 altera

342 2374 502 2440 orbiculari
526 2377 635 2442 lamina
649 2375 764 2458 argenti
787 2389 849 2438 tota
864 2375 1046 2441 obducitur:
1059 2363 1164 2438 unde
1178 2374 1229 2438 8τ
1221 2389 1372 2439 moertuni

230 2463 234 2488 ¹
341 2463 428 2543 cujus
449 2461 552 2532 sormae
574 2462 621 2526 stt.
666 2463 828 2544 Appendet
855 2465 998 2528 catenulae
1021 2483 1062 2528 ea
1088 2463 1214 2547 argento
1238 2463 1373 2532 intortae.

340 2546 515 2631 Disperearn
530 2550 634 2623 lesior,
658 2551 713 2614 nist
727 2551 828 2614 vidisse
841 2552 932 2618 velis.
966 2565 1049 2617 tanta
1070 2549 1113 2614 est
1133 2568 1198 2619 tuna
1214 2551 1257 2616 rel
1281 2571 1321 2620 an
1335 2551 1377 2614 ti·

178 2638 534 2722 501.13.aquitas,tum
547 2635 690 2719 maJeslas.
736 2642 874 2723 Rogatus
890 2637 1036 2708 tandem
1024 2661 1103 2706 ame
1117 2638 1318 2722 mystagogus,
1337 2652 1376 2703 ut

344 2723 420 2790 mihi
445 2725 635 2810 significaret,
657 2726 680 2790 fi
706 2727 782 2814 qnid
809 2743 952 2811 praeterea
975 2727 1118 2796 didicisset
1133 2726 1171 2790 de
1192 2722 1376 2812 appensosn·

344 2813 429 2899 gillo,
454 2835 521 2877 nam
537 2817 615 2878 inter
634 2830 819 2891 ornamenta,
842 2836 914 2898 quae
937 2816 1068 2898 plurima
1092 2815 1220 2879 auro&
1246 2815 1377 2898 gemmis

344 2903 484 2967 micantia
499 2903 667 2966 Eadueardi
685 2864 842 2988 Simplicis,
865 2905 943 2986 regis
958 2902 1088 2989 Angliae,
1111 2901 1304 2985 sepulchrum
1318 2921 1373 2965 ex·

343 2991 502 3064 ornabant,
526 2993 556 3054 dc
577 2992 634 3053 hoc
657 3010 782 3090 quoque
803 2991 995 3054 memorabile
1016 2991 1087 3054 suit.
1132 2990 1187 3054 Ille
1207 3008 1308 3053 autem
1331 2988 1375 3052 ad

345 3079 416 3141 haec
424 3079 510 3154 nihil,
528 3095 731 3162 praeterquam
747 3069 863 3161 quoda
878 3099 948 3163 rege
962 3078 1065 3162 aliquo
1080 3093 1199 3161 putaret
1225 3099 1262 3142 eo
1281 3095 1373 3160 repo·
1392 3119 1396 3124 -

344 3165 435 3230 srt'tnn
458 3126 558 3230 locb
550 3183 778 3250 inperpetuum
795 3169 923 3244 Artorii,
932 3183 1054 3251 ·terque
1074 3183 1243 3249 quaterque
1256 3167 1374 3250 magni,

338 3255 530 3318 memoriam.
547 3255 665 3324 Certe
679 3253 700 3315 li
716 3253 760 3316 sas
782 3254 853 3318 esset
869 3256 1051 3334 conjusluris
1065 3254 1135 3317 ullis
1148 3256 1305 3318 collineare
1322 3272 1375 3316 re·

339 3363 425 3416 rum,
450 3357 570 3406 tantum
595 3344 655 3405 nod
679 3343 842 3426 crederem,
866 3343 1010 3438 figillnm
1010 3341 1376 3426 iGlelloburgotranssa-
1441 3404 1461 3413 „

339 3435 412 3492 -sum
438 3427 533 3508 fuisse,
548 3433 607 3495 cui
628 3430 814 3504 monasterio,
847 3427 916 3494 casu
941 3449 995 3514 per
1019 3431 1118 3514 ignem
1140 3427 1295 3494 soedislime
1319 3431 1375 3492 de·

346 3521 479 3601 turpato,
503 3518 570 3582 talia
594 3517 881 3583 munificentissimus
904 3519 1022 3602 praemia
1046 3520 1183 3594 contulit,
1206 3514 1306 3602 qualia
1322 3518 1377 3581 ille

348 3607 458 3690 pietate
483 3603 534 3669 sua
563 3605 670 3690 insigni
698 3605 817 3670 facilius
848 3606 928 3683 dare,
962 3626 1053 3689 quam
1079 3607 1216 3668 monachi
1244 3603 1374 3688 sperare,

347 3694 458 3777 potuit.
517 3697 664 3758 Henricus
682 3692 754 3777 ipse,
786 3710 823 3757 nt
844 3654 932 3778 suprai
960 3694 1060 3770 retuli,
1096 3691 1167 3758 lecit
1190 3695 1377 3768 mentionem

346 3782 517 3844 Arturianae
543 3782 723 3858 donationis,
757 3796 849 3867 atque
871 3783 947 3846 adeo
982 3803 1046 3849 eam
1071 3781 1182 3856 vidisse,
1216 3783 1246 3844 a
1274 3781 1377 3871 legisse

346 3863 386 3932 se
438 3868 581 3933 Unde&
608 3869 674 3934 fieri
697 3872 825 3954 q'uidem
851 3873 960 3954 potuit,
984 3887 1028 3945 ut,
1056 3868 1140 3933 exesa
1163 3852 1378 3934 membraneis

346 3956 448 4022 blattis
475 3958 506 4019 8c
534 3958 620 4022 tineis
645 3959 739 4062 longo
764 3962 905 4042 temporis
927 3957 1025 4032 cursu,
1039 3967 1198 4040 repertum
1222 3973 1284 4022 tam
1305 3956 1378 4020 illu

346 4041 406 4107 sire
430 4047 623 4128 antiquitatis
657 4049 887 4113 monumentum
918 4045 1097 4114 monasterio
1127 4045 1214 4130 primi
1242 4047 1378 4114 nominis
1459 4042 1460 4045 ’

345 4129 594 4210 conservandum,
628 4137 658 4198 a
688 4136 705 4196 a
736 4136 896 4200 nobilitate
921 4152 1064 4218 perpetuo
1091 4135 1254 4199 ridendum
1282 4131 1378 4200 tradi

343 4217 435 4284 derit.
492 4225 535 4283 Ut
560 4242 626 4290 mea
651 4242 699 4294 me
723 4220 807 4286 fallet
833 4224 1004 4304 conjectura
1027 4221 1216 4306 dispendium
1246 4223 1379 4305 quidem

198 4345 261 4378 ,n
346 4297 460 4386 reve,
452 4315 546 4376 immo
568 4311 656 4426 plane
686 4311 816 4377 nullum
865 4315 970 4378 troc
957 4313 1080 4380 anterim
1104 4310 1268 4404 blanditur
1265 4309 1380 4463 railqid

1290 4415 1334 4489 qu
