2942 4884
204 206 486 324 auerteret:
531 257 1044 324 CANTABRIGIENSIS.

1241 273 1309 346 2¹9

99 402 203 468 Nors:
219 404 368 468 Militeme
403 403 604 467 Guilielmum
633 408 746 467 Barker
769 364 993 489 Armigerum,
1012 403 1138 490 Collepil
1251 451 1253 458 ,

103 496 242 564 corium,
265 489 449 554 Illustrissrmi
473 493 621 575 Principis
644 495 776 556 ‘rhomae
790 494 924 556 Howard
950 493 1005 572 41³·
1040 497 1135 558 Duu‘a

102 578 195 642 Nors:
224 581 442 642 Secretarium:
473 579 633 664 ipsumque
658 581 884 644 celeberrimum
908 583 1029 644 Petrum
1045 585 1134 646 Mau·

5 744 6 751 ¹
100 669 194 732 woocl
209 666 247 728 de
264 665 377 730 Sanslo
390 668 543 750 Stephano
565 669 595 729 in
610 667 728 741 Cautio,
754 671 897 752 Equitem
917 671 1019 732 Balnei
1034 673 1128 732 Aura·

5 756 6 787 ¹
101 771 180 830 tum,
203 751 352 819 summum
371 755 545 818 venerandae
563 753 765 838 ·Antiquitatis
786 756 944 830 cultorem,
975 759 1004 818 dr
1029 757 1129 820 litera·

101 843 186 905 tioris
210 843 310 924 gentis
325 841 496 905 fautorem:
528 843 566 903 ad
588 843 655 917 hoa,
686 844 821 925 inquam,
848 845 955 925 pietate
978 844 1130 920 candidos,

97 930 248 992 charitate
273 928 448 992 candidatos
470 932 499 993 in
526 928 676 992 theatrum
702 932 761 993 hoc
789 929 1058 1014 Caiogonevilense,
1091 933 1130 995 ad

96 1016 248 1102 fingulare
259 1015 435 1100 posteritate
450 1014 509 1081 suae
521 1016 650 1080 solamen
663 1019 932 1092 &documentum
954 1019 993 1082 ad
1007 1016 1130 1087 salutate

23 1168 28 1178 ,
95 1106 230 1190 Collegii
244 1106 378 1167 levamn
392 1108 422 1168 8c
442 1105 687 1180 emolumentum,
710 1101 815 1169 ordine
840 1101 995 1188 plusquam
1021 1109 1128 1171 trium·

97 1193 183 1274 pball
199 1193 405 1274 producendos
421 1193 626 1278 properassem,
651 1191 703 1256 nisi
717 1197 788 1277 quis
809 1214 856 1256 me
879 1195 909 1255 in
930 1194 1037 1258 altricis
1057 1199 1128 1260 Col·

95 1281 169 1364 legii
183 1280 334 1364 Catalogo
357 1281 534 1344 exornando
558 1280 703 1344 linearum
729 1283 817 1344 nimie
833 1282 991 1364 prodigum
1011 1285 1126 1367 impro-

94 1383 192 1450 peret.
239 1370 283 1433 Ut
306 1387 341 1430 ut
356 1368 408 1445 esi,
431 1370 504 1432 mihi
531 1370 612 1451 prius
627 1368 801 1432 valedicenti
821 1367 966 1452 nobisque
985 1373 1125 1435 omnibus
1234 1451 1240 1456 ¹

94 1454 384 1521 Gonevile-Calama
412 1457 619 1520 Fundatorum
655 1456 824 1520 nostrorum
850 1458 1014 1540 prudentie
1039 1458 1125 1524 liceat

94 1542 289 1627 grati'animi
305 1542 506 1608 testimonium
520 1544 624 1619 libare,
647 1547 701 1628 qui
726 1563 786 1608 non
801 1544 862 1608 fine
883 1547 951 1607 Deo
967 1549 1052 1610 Duce
1066 1547 1124 1613 hu·

89 1634 143 1712 jus
173 1632 302 1720 Collpgii
332 1629 528 1695 fundamenta
551 1629 756 1696 consecrarunt
785 1632 980 1696 Orientalium
1008 1635 1125 1718 Anglo·

90 1739 166 1782 rum
179 1718 265 1803 genti
279 1722 309 1782 dc
323 1722 430 1803 genio:
464 1719 543 1782 forre
556 1724 660 1804 quiex
676 1721 733 1784 hoc
758 1720 870 1806 angulo
886 1736 1036 1784 tantorum
1051 1726 1125 1786 Mae·
1220 1745 1224 1754 ·

76 1822 236 1879 ⁴cenatum
250 1810 435 1870 exorientem
449 1804 538 1872 solem
560 1807 763 1892 praevlderint,
786 1811 840 1891 qui
856 1809 945 1872 radiis
961 1807 1019 1872 suis
1045 1826 1125 1876 tute·

2 1956 3 1961 ,
93 1895 210 1958 laribus
225 1895 304 1958 aedes
321 1892 406 1958 hasce
430 1895 546 1977 patriae*
562 1897 751 1960 volventibus
774 1897 855 1960 annis
878 1893 980 1958 fovere
1007 1897 1122 1980 poffint.

90 1986 215 2066 Nempe
234 1980 359 2048 istorum
379 1988 473 2066 atque
496 1985 623 2046 aliorum
647 1983 874 2048 Benesallorum
893 1984 1034 2060 bonitate,
1053 1988 1123 2067 jure
1140 2051 1143 2060 ,

92 2072 300 2152 praedicarda
321 2091 361 2134 ex
374 2074 472 2155 parvis
486 2073 575 2134 initiis
590 2071 627 2133 ad
648 2070 732 2133 istam
754 2071 981 2152 amplitudinem
992 2071 1123 2136 eircrevit

1 2232 2 2249 χ
88 2159 149 2222 hoc
166 2158 348 2242 Collegium,
371 2174 407 2221 ut
424 2162 485 2240 jam
509 2158 710 2222 recenseantur
731 2153 839 2220 Custos
862 2178 949 2231 unus,
975 2163 1122 2236 saeuae,

1 2272 2 2277 ¹
92 2246 265 2309 Sacellanus
281 2267 367 2320 unus,
392 2248 547 2310 Scholares
563 2249 616 2308 61.
633 2263 743 2328 praeter
757 2247 866 2310 multos
876 2244 1050 2320 officiarios,
1066 2251 1122 2332 qui

88 2353 199 2396 omnes
214 2335 320 2398 annuis
340 2334 467 2421 collegii
483 2336 626 2398 reditibus
641 2332 691 2398 sua
706 2334 835 2422 plurima
850 2334 888 2404 ad
909 2335 1001 2400 vitatu
1024 2333 1122 2404 neces·

88 2418 167 2486 suria
181 2422 304 2487 debent.
943 2447 948 2458 ·

216 2593 403 2716 'Custodes
418 2594 568 2704 Collegii
589 2593 631 2676 de
644 2596 796 2676 Gravile
813 2597 855 2676 dd
870 2595 989 2676 Caius.
1044 2584 1047 2589 ¹
1178 2545 1185 2560 Ι

91 2789 119 2837 1.
189 2776 308 2838 Oannes
319 2774 429 2838 Culton
444 2773 482 2837 de
496 2776 676 2858 Tirrington
691 2769 720 2836 in
732 2771 819 2838 Nors.
837 2775 1007 2840 Sacellnnus
1018 2775 1117 2840 Guili·

210 2863 280 2925 elmi
304 2867 448 2925 Bateman
471 2862 606 2944 Episcopi
631 2862 858 2926 Nordovicrnsrs
883 2864 922 2925 ab
952 2859 1118 2926 Edmundo

86 2949 239 3014 Gonevile
257 2950 430 3014 Fundatore
449 2953 563 3033 primus
584 2952 674 3031 hujus
687 2952 776 3013 Aule
791 2947 895 3013 Cuslos
917 2950 1116 3026 constituitur,
1187 2987 1192 3002 ·

86 3056 136 3098 an.
166 3036 375 3120 Dou.134t.
399 3039 510 3102 Reslor
537 3037 637 3122 polica
660 3037 698 3102 de
721 3039 912 3120 Tirrington,
935 3039 1117 3122 tandemque
1237 3109 1240 3116 ,

87 3122 342 3208 Archiepiscopus
353 3127 557 3190 Armachanus
567 3128 598 3188 dr
608 3127 700 3188 totiut
716 3127 867 3188 Hiberniae
881 3127 1004 3201 Primae,
1020 3128 1119 3209 quiin

87 3211 211 3275 diutino
236 3212 289 3275 illo
305 3212 467 3276 schismate
490 3231 559 3275 orto
572 3211 627 3278 sub
642 3216 677 3276 P.
692 3216 725 3275 P.
743 3215 868 3280 Urbano
883 3210 937 3276 6¹⁰·
967 3212 1045 3277 circa
1065 3234 1115 3290 au.

86 3301 185 3365 Dom.
205 3304 298 3382 1380.
321 3300 414 3365 officii
439 3299 483 3364 sui
508 3316 606 3384 partes
631 3302 758 3383 putabat
781 3301 889 3362 morbo
906 3299 1116 3384 ingravescenti

85 3407 214 3452 manum
229 3388 397 3462 admovere,
421 3390 612 3460 &calamum
635 3391 776 3471 arripere,
798 3385 981 3470 scripsitque,
1005 3405 1040 3451 ut
1054 3405 1118 3455 erat

86 3476 270 3558 Theologus
284 3475 475 3551 dotliffimus,
499 3479 590 3540 libros
603 3476 695 3555 duos,
716 3479 842 3542 alterum
858 3477 896 3542 de
915 3474 1001 3540 causa
1017 3473 1114 3542 Schis-

85 3563 186 3637 matis,
209 3563 338 3627 alterum
351 3565 389 3628 de
403 3563 537 3626 remedio
550 3560 691 3645 ejusdem.
730 3634 734 3639 .

131 3667 165 3714 2.
189 3651 370 3717 Guilielrnua
396 3653 558 3735 Rouglram
580 3653 738 3715 Medicina
757 3653 813 3728 Dr,
840 3671 917 3714 unua
946 3652 1112 3736 primorum

86 3737 249 3803 Sociorum
262 3735 289 3800 F
291 3739 461 3803 undationis
475 3739 627 3802 Edmuudi
650 3739 805 3814 Gonevile,
829 3740 973 3802 Sacellum
990 3735 1114 3807 absolvit

85 3844 134 3887 an.
154 3825 247 3888 Dom.
267 3845 362 3910 1393.
386 3849 438 3909 per
460 3823 580 3891 Bullam
602 3826 746 3890 Bonisacii
766 3828 824 3908 9¹²¹,
848 3827 930 3909 quod
949 3845 1045 3890 tamen
1068 3829 1114 3889 in·

84 3912 230 3974 choatum
243 3909 342 3978 suerat
356 3935 408 3978 an.
424 3917 516 3978 Dum.
535 3934 631 3998 1353,
656 3916 779 3980 Thomu
793 3915 831 3978 de
854 3913 949 3976 insula
968 3913 1114 3998 Episcopo

84 3995 194 4062 Elienfi
215 4003 298 4064 18⁹⁶.
329 4003 359 4064 dr
379 4002 527 4072 Alanode
542 4002 746 4086 Walsingham
765 4005 867 4070 Priore
892 4001 1109 4087 Elicnsr'agtiv·
1153 4094 1155 4103 ,

83 4085 162 4150 banc
173 4085 346 4169 potestatem
358 4089 600 4153 concedentibus.

129 4193 162 4256 3.
179 4175 349 4239 Richardus
360 4177 484 4239 Pulham
495 4178 681 4262 Theologua,
691 4197 768 4241 unus
780 4179 943 4260 prlmornm
955 4178 1111 4258 Soclorum

84 4261 281 4326 fundationis
297 4265 451 4340 Edmundi
471 4269 627 4342 Gonevile,
651 4267 790 4328 admillus
811 4283 872 4330 erat
889 4267 1038 4330 Diaconos
1060 4285 1109 4332 an.

85 4349 179 4418 Dom.
195 4369 290 4441 ¹3⁷4·
314 4373 366 4443 per
383 4354 534 4422 Thomam
551 4353 589 4415 de
604 4339 740 4421 Arundel
754 4351 936 4443 Episcopum
951 4347 1114 4506 Elicgserp.

76 4475 80 4482 .
563 4443 662 4512 Era
953 4460 987 4523 ⁴·
1044 4441 1109 4508 uri·

109 4567 118 4602 l
