2942 4884
167 241 232 292 212
421 240 426 246 ·
509 229 1130 294 RICHARDIPARKERI
1203 305 1207 308 ,

338 357 477 442 Baptistae
489 362 518 422 ἃ
534 365 564 423 8.
581 359 724 424 Edwardi
735 359 891 424 unirentur
902 359 932 424 δι
944 361 1078 446 Collegio
1088 359 1370 444 appropriarentur,
1467 439 1468 446 ἵ

339 449 424 531 quod
439 446 553 510 sudium
567 446 626 510 suit
639 469 689 511 an.
705 452 798 512 Dom.
819 450 912 530 1446·
934 445 992 517 sub
1007 451 1137 513 Hearico
1153 449 1209 511 oto.
1232 446 1373 529 obiitque
1467 451 1468 484 ³

305 544 307 550 '
340 533 520 603 Benefanor
534 557 595 598 non
609 535 761 601 minimus.

344 684 349 690 .
384 645 419 701 4.
442 625 546 686 Simon
560 625 730 688 Thornton.
768 662 770 664 -
857 652 860 664 .

389 732 419 795 5.
442 711 623 773 Guilielmus
638 712 772 793 Dalling.
1467 747 1468 766 r

387 799 419 864 6.
442 799 609 862 Edwardus
624 799 795 866 Shuldham
807 796 1030 874 Norsolciensrs‚
1052 801 1208 882 Presbyter
1227 794 1377 860 Secularis

345 889 501 951 ordinatus
524 907 577 969 per
596 890 740 967 Joannem
768 889 876 949 Barnet
902 884 1082 968 Episcopum
1109 884 1256 952 Eliensem
1283 897 1378 962 17⁸¹0·

345 975 457 1057 Aprilis
487 995 580 1059 1473,
604 975 654 1054 (ex
679 972 793 1036 vetusta
814 974 1059 1036 Shuldhanorum
1085 975 1124 1038 de
1149 974 1323 1038 Sliuldham
1347 973 1378 1033 in

345 1061 501 1125 Norsolcia
516 1060 649 1144 prosapia
671 1078 771 1124 orrum
796 1062 919 1142 ducens)
943 1065 980 1124 L.
1006 1065 1062 1138 Dr,
1087 1065 1176 1143 hujus
1204 1063 1292 1124 Aulae
1315 1056 1379 1122 suit

348 1152 452 1213 Sosius
467 1151 496 1210 8ι
512 1148 627 1222 Custos,
652 1148 789 1216 Ecclefiae
805 1150 980 1232 Collegiatae
1002 1149 1050 1211 sti.
1072 1149 1235 1214 Carantoci
1252 1147 1381 1208 Exoniae
1467 1160 1468 1190 l

213 1288 217 1294 .
349 1239 518 1309 Canonicus
533 1261 546 1298 a·
577 1235 689 1298 Reilor
702 1238 740 1299 de
754 1238 871 1300 Kellhal
888 1239 919 1300 in
940 1239 1092 1302 Comitatu
1109 1235 1207 1299 Harts:
1222 1237 1381 1318 opimique
1467 1243 1468 1254 ¹

349 1327 429 1388 illius
443 1328 523 1388 inrra
548 1325 674 1387 milliare
688 1324 1026 1405 adjacentiaSacerdorii
1039 1326 1077 1387 de
1092 1325 1251 1390 Tharlield
1277 1321 1380 1404 (supra

349 1429 467 1480 montes
477 1417 566 1494 juxta
578 1409 723 1493 Royston)
748 1413 800 1476 ubi
812 1415 964 1496 egregium
980 1413 1080 1495 templi
1103 1411 1321 1476 testudinatum
1340 1409 1381 1472 de

349 1521 429 1564 novo
444 1501 620 1576 construxit,
644 1497 699 1564 sub
714 1521 778 1583 quo
793 1498 944 1584 splendide
960 1495 1090 1584 sepultus
1106 1503 1174 1578 Jan.
1201 1519 1254 1564 20.
1283 1515 1383 1580 1503.
1467 1515 1468 1540 ¹

349 1584 390 1651 ad
406 1589 466 1679 huc
480 1604 620 1672 apparet:
643 1590 730 1668 cujus
746 1592 835 1652 Soror
846 1587 1019 1650 Elizabetha
1031 1588 1209 1670 Shuldlsam,
1225 1585 1383 1648 Abbatilsa
1425 1635 1426 1638 .

347 1677 390 1740 de
404 1678 536 1760 Berking
550 1677 581 1737 in
595 1675 693 1750 Essex,
709 1678 740 1739 in
755 1697 816 1752 uua
827 1676 1004 1757 Aquilonari
1019 1675 1108 1755 hujus
1123 1675 1228 1758 templi
1239 1671 1378 1747 senelira,
1467 1691 1468 1732 r

349 1784 441 1846 quam
457 1761 517 1847 ipsa
529 1764 595 1827 lieri
608 1763 729 1838 lecerat,
752 1763 870 1846 depisia
884 1765 1015 1826 cernitur
1030 1765 1062 1828 in
1073 1760 1180 1834 vestiru
1196 1761 1296 1826 vellali
1307 1779 1384 1838 cum,

349 1851 429 1935 pedo
438 1849 502 1927 suo,
526 1850 668 1934 fiplacet,
693 1850 883 1934 pastoralitio.
1083 1902 1091 1922 ,
1367 1865 1370 1870 ’

397 1958 428 2016 7.
451 1943 580 2017 Joannes
595 1940 732 2022 Wright.
1467 1969 1468 2002 r

283 2108 285 2115 Ι
399 2031 432 2091 8.
456 2027 619 2090 Gualterus
632 2031 723 2090 Huke
739 2027 853 2104 Socios,
876 2021 1029 2089 Custos&
1048 2022 1234 2090 Benefauor.

397 2135 430 2196 9.
455 2117 604 2179 Roberrus
621 2119 732 2178 Larlre.
1166 2159 1168 2164 .

399 2223 451 2266 ro.
475 2200 805 2286 Stephanus‘Gardiner
819 2204 857 2266 L.
868 2204 925 2266 Dr.
946 2219 1039 2284 1521,
1057 2197 1383 2284 EpiscopusWiutoni·

353 2291 441 2366 ensis,
465 2291 585 2354 Ordinis
599 2287 780 2354 Periscelidis
791 2291 939 2365 Praelatus,
965 2293 1105 2352 Summus
1118 2287 1240 2373 Angliae
1259 2291 1288 2350 &
1303 2291 1386 2355 Aea·
1467 2335 1468 2380 p

353 2379 460 2451 demiae
476 2379 619 2441 Cantabr:
643 2379 855 2453 Caucellarius,
879 2385 992 2441 necnon
1009 2373 1199 2440 Beuesaiior.
1243 2379 1314 2440 Fuit
1331 2375 1384 2438 hic
1467 2385 1468 2462 l

355 2466 527 2547 Stephanus
543 2465 620 2543 lilius
634 2464 784 2528 Naturalis
799 2467 932 2528 Leonelli
947 2465 1107 2544 Woodvile
1130 2461 1269 2547 Episcopi
1291 2458 1387 2528 Saris-
1467 2477 1468 2492 ¹

354 2553 510 2629 buriensis,
535 2552 603 2631 (filii
618 2552 746 2633 junioris
769 2553 910 2620 Richardi
936 2553 1096 2618 Woodvile
1122 2553 1248 2614 Comitis
1269 2552 1388 2626 Rivers,

246 2687 269 2692 --
354 2638 473 2711 Summi
486 2641 602 2725 Angliae
618 2640 834 2704 Conslabularii
861 2642 891 2702 8<
914 2641 1063 2703 Garrherii
1088 2640 1207 2721 Militis)
1230 2641 1284 2721 qui
1304 2642 1387 2701 Leo·

356 2729 463 2804 nellus,
498 2745 534 2792 ut
555 2730 670 2793 crimini
697 2726 750 2793 suo
764 2727 896 2798 velamen
916 2725 1096 2802 obduceret,¹
1124 2727 1269 2810 Stephani
1294 2725 1388 2804 hdjus

356 2836 485 2881 matrem
504 2818 627 2880 cuidam
640 2813 825 2880 famulorum
849 2818 913 2896 ejus
938 2816 1041 2878 infimo
1054 2815 1227 2878 Cardinero
1250 2813 1335 2876 didio
1356 2815 1390 2877 in

359 2907 584 2968 matrimonium
604 2904 698 2981 dedit,
720 2903 803 2966 unde
817 2903 979 2968 Gardineri
999 2923 1111 2966 nornen
1126 2903 1280 2986 Stephano
1293 2902 1390 2986 vulgo
1467 2957 1468 2988 ,

353 2993 420 3056 suit
434 2992 617 3075 impositum.
1026 3037 1028 3044 .
1467 2991 1468 3008 ¹

351 3131 357 3138 .
412 3099 462 3142 11.
485 3079 666 3142 Guilielmus
680 3076 784 3141 Mouse
800 3081 839 3141 L.
856 3084 912 3143 Dr.
937 3075 1168 3142 &Bencsadlon
1467 3147 1468 3158 p

351 3183 353 3186 ’
413 3187 462 3230 12.
485 3168 632 3230 Henricus
643 3170 761 3248 Harvey
774 3170 813 3228 L.
826 3169 882 3228 Dr·
905 3186 997 3250 1543.
1012 3165 1237 3229 Praebendarius
1250 3159 1390 3240 Elienlis,
1467 3173 1468 3239 l

258 3283 264 3296 ’
364 3254 477 3318 Reiior
506 3253 644 3319 Ecclesrae
673 3255 831 3316 Donarivae
855 3255 893 3318 de
921 3254 1129 3336 Parvoburgo
1151 3273 1244 3336 prope
1273 3255 1390 3314 Croco-

365 3341 547 3406 Waldenum
563 3344 592 3404 in
605 3341 730 3415 Essexia,
753 3343 922 3404 Academiae
945 3341 1192 3404 Procancellarius
1211 3341 1305 3426 1560,
1330 3358 1393 3400 non
1467 3399 1468 3414 ,

364 3429 511 3492 ultimum
522 3429 642 3492 familiar
655 3426 715 3492 suae
730 3431 903 3490 Harveianae
922 3429 959 3490 de
975 3431 1128 3493 Ickworth
1142 3431 1171 3491 in
1190 3427 1268 3492 siff.
1287 3427 1392 3491 decue.

365 3517 464 3597 Hujus
486 3520 614 3581 Coronae
628 3517 793 3580 memoriali
808 3517 885 3580 hanc
899 3513 988 3578 sarnae
1002 3514 1062 3578 suae
1077 3517 1196 3580 laurum
1218 3512 1389 3589 inserimus,
1467 3523 1468 3560 l

363 3604 449 3688 quod
461 3605 702 3688 pulcherrimam,
719 3601 840 3688 aggesto
850 3623 967 3686 aggere,
983 3607 1063 3666 viam
1074 3625 1124 3687 per
1139 3620 1196 3667 tres
1210 3605 1278 3686 plus
1289 3603 1392 3665 miuus

365 3693 449 3756 mille
464 3689 981 3776 passusversusNovum·Mercatum
996 3689 1200 3768 substruxerit,
1224 3705 1316 3774 atque
1332 3704 1392 3751 tres

367 3781 458 3844 libras
472 3781 625 3859 annuatim
641 3782 718 3842 inter
732 3797 870 3864 pauperes
885 3776 1135 3861 Parvoburgenses
1156 3798 1194 3841 ex
1208 3781 1273 3860 ejus
1285 3775 1392 3856 sundis
1467 3839 1468 3856 ,

367 3867 442 3930 huic
452 3869 587 3953 Collegio
600 3867 742 3951 assignatis
754 3865 969 3930 distribuendas
986 3865 1156 3930 testamento
1171 3866 1324 3948 legaverit.
1467 3899 1468 3916 .

348 4016 351 4020 Δ
417 3975 467 4038 13·
491 3960 620 4037 Joannes
633 3953 754 4020 Preslon
767 3955 894 4039 Collegii
908 3956 1028 4040 Regalis
1048 3967 1115 4016 11110·
1131 3957 1245 4030 Socius,
1268 3957 1308 4016 L.
1332 3955 1392 4028 Dr,
1467 3951 1468 3998 ἶ

252 4091 255 4100 .
367 4043 619 4107 Proeaucellarius
639 4049 732 4125 1603,
761 4045 853 4125 1604.
1116 4060 1126 4091 ·
1467 4069 1468 4076 ¹

417 4143 468 4206 14.
490 4135 618 4210 Joannes
643 4131 758 4193 Cowell
785 4127 985 4204 Devonienfis,
1017 4129 1143 4214 Collegil
1168 4127 1285 4212 Regalis
1304 4142 1394 4190 antea
1467 4137 1468 4186 l

369 4219 485 4290 Socios,
501 4222 540 4279 L.
553 4222 609 4288 Dr,
632 4218 882 4282 Procancellarius
902 4219 995 4300 1613,
1019 4219 1221 4281 Cancellarius
1233 4215 1393 4293 cicestrie,

231 4331 237 4335 ·
366 4303 740 4393 vicarius‘Archiepiscopi
754 4306 906 4371 Generalis
921 4309 951 4370 dr
964 4305 1149 4382 Benesaslor.

1174 4411 1225 4479 15.
1249 4391 1394 4457 Clemens
1467 4351 1468 4418 l
