2942 4884
180 205 974 283 uN00M11A1LLUSTR.v1R0a.
1110 233 1113 239 ’
1203 227 1277 313 '7'

120 336 162 398 Ut
177 337 281 418 paucis
294 351 426 400 veterem
441 335 532 400 cliens
549 334 667 416 salutes,

20 419 21 422 ’
121 423 242 485 Acuris
264 425 359 486 modo
374 443 510 507 pervacet
523 422 627 487 severis

121 511 151 573 si
171 531 243 574 tuuc
266 513 403 574 annuerit
418 508 535 576 serenus
550 513 611 589 ille,

120 599 261 662 Intrabis.
306 598 411 662 Pudor
424 599 596 663 invenustus
612 600 711 668 abiit:

118 689 163 747 Ac
177 687 216 748 de
230 707 316 749 more
333 686 427 748 llatim
444 707 513 750 meo
528 687 650 752 salutem

20 769 21 780 ³
120 777 210 836 Dices
233 775 357 836 nomine
378 775 550 857 plurimam.
596 777 728 841 Docebis

117 861 216 935 Ultra,
240 871 295 925 cur
308 883 365 945 ego
379 859 505 926 miserim
521 881 549 926 te
570 866 609 928 ad
623 862 713 930 illum

118 944 206 1011 Plane
222 950 433 1034 magnificae
406 971 506 1014 virum
520 953 637 1014 nitelae:

119 1037 238 1120 Nempe
253 1037 324 1099 hinc
339 1053 374 1099 ut
392 1038 507 1122 liquido
520 1060 600 1102 meos
617 1061 756 1104 amores.

120 1125 201 1208 Erga
224 1139 285 1186 tam
300 1142 431 1188 veterem
446 1129 605 1208 probarem
618 1131 750 1194 amicum

20 1243 21 1294 r
119 1214 267 1294 Integros,
289 1211 488 1276 niveossuilse
503 1213 627 1298 semper

120 1301 135 1360 1
149 1317 231 1361 nunc
247 1299 374 1384 Pegaseo
387 1303 485 1384 gradu
501 1307 655 1380 Camena,

20 1481 22 1498 ι
118 1387 157 1448 Et
170 1386 257 1472 dosii
272 1405 340 1471 pete
356 1389 431 1452 testa
445 1391 624 1456 Martialis,

247 1506 275 1564 E
289 1506 387 1568 Graeco
399 1505 653 1589 epigramates
640 1528 672 1568 m
686 1505 798 1572 laudem
812 1514 943 1575 Homeri.

20 1601 21 1652 3
117 1615 280 1764 IGnibus
294 1613 369 1677 astra
383 1614 440 1678 suis
455 1619 636 1700 Lunamque
650 1617 786 1684 obfuscat
800 1623 893 1705 Sr‘ps
845 1647 853 1686 ι
856 1623 936 1705 psam

20 1695 21 1724 ³
202 1704 385 1767 Auricomus
399 1703 498 1767 medlo
514 1706 667 1770 Phoebus
659 1728 689 1769 1n
703 1729 760 1772 axe
774 1712 882 1774 nitens.
1001 1781 1006 1790 ‚

118 1791 186 1852 Nou
203 1791 287 1856 secus
304 1789 495 1874 hymnisonos
510 1809 589 1856 vates
604 1791 741 1859 obscurat
755 1801 914 1877 Homerus,
1131 1845 1145 1877 a

170 1879 297 1944 Illustris
311 1879 393 1944 claro
405 1879 518 1960 lumine
532 1881 695 1946 Pieridum.

440 1999 475 2062 In
495 1997 613 2084 effigiem
634 2003 753 2066 amoris.

198 2116 293 2181 Euxis
307 2117 338 2178 in
354 2115 462 2180 illustri
474 2117 576 2179 tabula
588 2115 738 2184 formabat
751 2123 896 2184 Amorem
920 2156 927 2192 ι,
944 2157 955 2191 ·,
974 2183 990 2190 ,,

241 2204 352 2280 Pistor,
375 2226 438 2286 quo
451 2205 552 2268 nullus
566 2205 670 2269 clarior
689 2209 765 2271 orbe
778 2208 848 2271 suit.

20 2317 21 2336 ¹
116 2294 325 2378 Purpureique
339 2293 418 2355 botri
433 2309 537 2355 teretes
552 2291 755 2377 superaddidit
770 2317 855 2372 uvas,
909 2363 914 2373 ,

20 2447 21 2454 ¹
158 2383 275 2465 Aligeri
290 2382 371 2444 nivea
389 2401 510 2445 munera
525 2381 615 2470 digna
631 2401 731 2446 manu.

20 2509 21 2512 =
38 2491 41 2496 ·
117 2474 151 2533 In
165 2471 280 2554 qulbus
296 2489 341 2530 ars
354 2469 394 2530 src
408 2467 491 2531 est
464 2489 547 2532 vivos
562 2471 677 2533 imitata
691 2469 816 2548 colores,

159 2555 279 2620 Luserit
294 2571 328 2618 ut
342 2577 466 2619 corvum
482 2559 583 2640 praeda
599 2560 690 2640 petita
705 2562 836 2644 nigrum
918 2583 923 2590 ¹
941 2582 945 2594 ·

117 2645 255 2708 Pinxilset
272 2665 397 2728 puerum
413 2643 434 2706 fi
449 2665 539 2728 quam
554 2644 681 2708 feliciter
696 2667 781 2726 uvas,

159 2735 251 2796 Omni
266 2733 434 2816 perseslum
449 2753 533 2816 parte
547 2732 645 2796 suisset
659 2755 747 2817 opus

401 2859 452 2922 Ad
464 2859 595 2924 Thomam
611 2863 773 2944 Lupsttum.

166 2975 261 3053 UNT
282 2991 335 3053 qut
325 2971 471 3053 pestore
484 2971 650 3076 postulent
647 2995 738 3038 avaro

188 3057 362 3123 Thesauros
378 3060 500 3141 Phrygii
513 3059 606 3121 Midae
622 3062 761 3126 nitentes.

21 3155 22 3216 3
117 3153 192 3212 Sunt
207 3169 262 3231 qur
252 3147 367 3209 Nirea
382 3148 521 3210 maximis
536 3147 703 3215 venustum.

117 3239 202 3300 Votis
216 3257 269 3298 ore
285 3247 387 3316 petant
404 3231 512 3297 referre
526 3235 669 3317 pulchro.

117 3329 193 3387 Sunt
208 3326 263 3406 qui
279 3318 445 3384 Caesareum
459 3320 743 3400 ambiantsavorem,
821 3377 825 3390 .

115 3413 229 3474 Munus
245 3428 307 3478 tam
322 3412 409 3474 breve
425 3408 600 3474 blandientis
610 3411 704 3478 Aulae.

118 3502 193 3562 Sunt
211 3501 240 3561 ἃ
255 3500 309 3581 qui
323 3497 477 3565 ambrosris
490 3499 569 3581 gulae
585 3499 698 3582 placere
823 3533 827 3541 ·

116 3587 267 3650 Affeslent
282 3586 420 3669 dapibus,
442 3606 586 3669 meroque
600 3585 692 3650 dulei.

21 3731 22 3742 ,
116 3676 168 3740 Ast
182 3691 228 3738 ter
242 3695 384 3760 magnum
399 3694 456 3758 ego
469 3672 612 3756 deprecor
627 3679 809 3750 Tonantem.

82 3763 84 3770 ’
116 3763 257 3845 Lupsete,
281 3780 316 3825 ut
330 3763 415 3826 liceat
427 3763 503 3830 mihi
519 3764 631 3844 petenti

115 3853 233 3914 Tecum
248 3850 354 3926 vivere,
379 3853 583 3934 commorique
598 3868 709 3923 tecum,

116 3941 198 4000 Tam
213 3953 286 4000 noto
301 3941 330 4000 ἃ
346 3940 431 4002 niveo
446 3938 646 4022 undecunque
660 3940 766 4001 amico.

113 4027 208 4111 Qeis
224 4045 303 4090 nune
318 4026 339 4089 fi
354 4029 488 4089 annuerit
502 4029 575 4088 meis
590 4023 717 4088 secunda

115 4116 186 4175 Sors
200 4113 287 4189 votis,
312 4113 433 4176 titulum
446 4113 588 4177 invidebo
603 4114 678 4175 nulli

112 4202 317 4286 Qlantumvis
339 4202 425 4283 (milri
442 4203 569 4284 credito)
593 4198 766 4288 superbum.

927 4442 931 4450 ⁸
950 4359 1096 4450 Succeffirt
