2942 4884
233 241 957 334 uasatrtornr'unrr.

93 413 251 480 magnum,
275 417 344 458 meo
364 395 453 460 etiam
469 397 570 480 capiti,
593 413 690 480 quum
705 393 759 458 fim
774 395 1039 485 ultra-montanus,
1060 399 1119 476 im·

93 485 194 548 minet.
243 485 365 549 Cavebo
380 485 481 568 igitur,
505 485 591 548 &rei
611 485 734 545 veritate
751 481 878 552 confisus
892 501 962 559 una,
984 503 1121 568 eampro

93 571 170 634 vallo
196 571 227 636 &
248 569 322 636 foffa
337 569 457 635 mecu'rn
471 571 518 635 vel
544 568 692 656 perpetuo
709 567 927 646 'circumferam
951 633 954 636 ,
981 569 1121 640 Utfikat

93 659 273 740 Polydorus,
296 673 358 722 non
372 657 473 722 statim
498 659 609 724 neceiie
631 655 673 721 est
695 673 729 720 ut
753 659 835 722 orbis
850 657 931 721 srieat
953 658 1118 726 universus.

1219 293 1263 355 41

92 749 278 834 Qanquam
299 749 328 808 ἃ
349 747 433 810 Italia
446 749 606 810 Arturium
627 747 664 818 in
673 748 771 828 pretio
790 748 863 809 oiim
888 745 1007 822 habuit,
1026 758 1119 831 atqu'e
1201 779 1208 788 ·
1333 775 1337 783 ·

91 841 165 897 adeo
182 835 248 916 jani
265 835 375 898 habet:
399 835 523 918 quando
537 835 605 896 libri
623 833 660 896 de
674 836 737 912 ejus
753 841 824 897 cum
838 831 1028 908 fortitudine,
1050 847 1118 899 tum

91 922 235 998 nistoriis,
260 924 299 984 im
324 922 397 997 ressi,
420 939 454 984 ut
477 943 535 1006 ego
548 921 652 998 didici,
674 922 777 984 italice
790 924 937 1005 legantur,
960 920 1118 1006 Hispanico

14 1009 15 1038 ³
92 1011 191 1083 etiam,
210 944 377 1072 &Gaiiice
425 1003 844 1092 Unde&coiie6iioAngiica,
866 1007 1119 1073 auiioreThoma

93 1095 243 1171 Maileri0,
267 1099 389 1181 prodiit.
436 1099 553 1162 Dixerit
568 1093 758 1170 adversarius,
780 1099 812 1160 in
827 1098 893 1161 illos
908 1097 1059 1159 mendacia
1075 1100 1116 1160 ir·

14 1249 16 1256 ,
92 1183 207 1268 repsriie
222 1187 327 1249 molta.
372 1179 510 1251 Peinovi.
553 1189 657 1272 Qare
673 1183 824 1250 hocaiiud
839 1183 912 1247 nihii
927 1203 1018 1269 quam
1027 1183 1115 1248 odoc-

93 1287 156 1336 tum
182 1271 301 1338 docete.
345 1275 389 1335 Ut
414 1269 531 1336 fabulas
551 1288 721 1347 contemno,
744 1270 786 1334 ita
810 1271 939 1335 historiae
961 1273 1117 1335 veritatem

94 1359 259 1442 ampleCior
273 1361 302 1423 δι
315 1357 444 1424 suavior.
489 1353 643 1425 Nec'hanc
658 1362 764 1444 patiar,
784 1359 839 1423 nist
851 1378 922 1422 cum
936 1361 1008 1434 vita,
1031 1357 1048 1420 a
1067 1374 1118 1424 me

14 1457 16 1512 i
94 1467 232 1530 unquam
245 1448 366 1511 distrahi
387 1451 522 1512 amicam.
567 1451 703 1534 Ingratos
719 1437 845 1532 refugio,
867 1445 950 1510 &ad
964 1466 1065 1528 rupea,
1086 1447 1118 1510 ἃ
1192 1473 1199 1480 ·

14 1519 16 1540 ’
93 1531 169 1610 saxa,
195 1527 283 1600 testes
297 1537 423 1598 nominis
439 1537 468 1598 a
483 1533 640 1617 majestatis
654 1537 837 1611 Atturianae‚
853 1532 1006 1618 confugio.
1050 1537 1117 1598 Hac

14 1637 15 1690 ζ
96 1643 219 1707 quoque
243 1640 326 1707 parte
339 1628 507 1686 venientem
531 1643 579 1687 me
604 1621 752 1707 Sylvester
765 1622 910 1686 Giraldua
931 1620 1116 1686 Meuevensta

14 1713 15 1788 j
97 1711 140 1774 his
153 1712 260 1785 verbis,
283 1733 320 1774 ex
336 1712 489 1774 itinerario
498 1708 670 1794 desumptis,
686 1713 811 1794 aocepit.
856 1717 879 1747 ⁴⁴
892 1709 1053 1773 Montibus
1063 1727 1117 1772 ex·

14 1799 15 1852 i
98 1805 118 1835 “
130 1799 225 1874 celsis,
235 1805 435 1882 praeterquam
445 1798 460 1860 ai
472 1801 573 1876 borea,
585 1799 648 1862 haec
657 1801 794 1883 undique
804 1799 898 1862 terra’'
911 1799 1119 1876 (Baethaniam
1185 1849 1188 1857 .

96 1885 256 1972 inteiligit).
279 1893 300 1922 ‘⁴
315 1887 514 1951 cuncluditur.
550 1891 579 1950 A
589 1887 720 1970 zephyro
734 1902 874 1950 montana
888 1885 926 1948 de
936 1889 1045 1948 Canter
1059 1889 1118 1950 Ve·
1129 1891 1183 1945 roi
1195 1911 1235 1945 ao.
1246 1909 1270 1948 ι.

98 1981 117 2009 “
138 1973 210 2048 han,
234 1974 273 2036 ab
290 1973 389 2036 austro
403 1993 517 2038 montes
529 1974 621 2037 habet
638 1969 866 2049 meridionaieie,
885 1993 1017 2057 quorum
1031 1972 1115 2057 prin·

14 2079 16 2090 ’
97 2067 117 2098 “
138 2061 242 2144 cipalis
254 2062 323 2124 Cair
336 2064 448 2124 Artute
463 2065 628 2125 Britannice
646 2061 769 2138 dicitur,
792 2061 890 2138 idest,
912 2061 1043 2126 castrum
1057 2067 1115 2125 Ar·

95 2155 118 2186 '¹
139 2152 221 2223 turii,
247 2163 368 2232 propter
382 2147 500 2234 gemina
511 2150 706 2234 promontorii
721 2152 884 2224 cacumina,
909 2153 939 2212 in
949 2149 1036 2213 castri
1050 2155 1116 2214 mo'·

96 2242 117 2272 “
134 2236 210 2300 dum
222 2233 251 2300 se
266 2235 463 2320 praeferentia.
502 2239 542 2299 Et
554 2239 696 2320 quoniam
706 2240 738 2301 in
749 2240 811 2300 alto
821 2237 971 2311 cathedra,
989 2237 1057 2302 &in
1070 2252 1118 2302 ar·-

14 2375 16 2384 ,
96 2328 117 2362 “
137 2315 204 2388 duo
219 2323 286 2388 loco
300 2323 415 2401 sttaest,
431 2323 731 2402 summo&rnaximo
745 2327 900 2388 Britonutn
915 2327 977 2411 regi
993 2328 1119 2390 Artorio
1214 2357 1223 2366 ·

14 2485 16 2498 ‚
96 2419 117 2449 ¹¹
138 2413 261 2497 vulgari
276 2414 498 2496 nuncupatione
512 2411 554 2476 est
570 2407 741 2498 assignata.''
784 2413 927 2477 Haecille.
964 2416 1118 2478 Amanti-

15 2499 16 2522 ³
94 2499 149 2564 bus
171 2499 361 2563 Brechanicia
386 2501 423 2563 ad
443 2499 628 2564 Balduinum
652 2521 732 2564 nunc
747 2501 821 2565 mihi
845 2503 1118 2588 commigrandum,

96 2589 203 2652 orbem
226 2587 300 2665 olitn
325 2587 482 2662 celebrem,
505 2609 577 2670 qttae
598 2588 881 2674 quadringentia‘ab
908 2590 977 2654 hinc
992 2593 1075 2654 annis
1088 2591 1120 2655 δὲ

95 2675 223 2759 amplius
248 2673 266 2738 a
293 2678 426 2760 Rogato,
457 2673 572 2739 Montis
594 2676 759 2740 Gornerici¹
772 2679 922 2762 alumno„
937 2681 969 2740 a
991 2679 1118 2762 Saiopiae

95 2764 214 2838 comite,
238 2765 329 2826 Mona
343 2763 523 2827 Gomericus
537 2761 617 2826 dicta
630 2763 683 2848 pst.
727 2766 789 2828 Hic
810 2763 886 2828 inter
900 2763 1028 2848 collapsa
1042 2785 1119 2831 moa·

95 2853 214 2915 oiomm
236 2851 345 2914 rudera
358 2851 442 2914 locus
455 2851 507 2926 est,
530 2848 608 2914 fama
630 2850 783 2936 cognitus,
805 2871 895 2935 quem
915 2854 1029 2916 civium
1049 2855 1118 2918 reli·

15 2947 16 2976 i
95 2941 171 3022 quiae
191 2939 316 3001 Portam
337 2940 531 3002 Artorianam
550 2937 709 3022 appeliant.
755 2942 826 3003 Fuit
844 2935 981 3024 pmseiio
992 2939 1117 3026 semper,

15 3021 16 3032 ’
95 3045 186 3110 atque
211 3027 288 3089 adeo
313 3046 393 3090 nunc
416 3025 468 3100 est,
497 3047 570 3110 gens
592 3027 794 3090 Cambrorum
818 3025 960 3112 generoso
982 3033 1119 3112 quodam

15 3143 17 3157 >
93 3114 207 3196 impetu
224 3134 295 3198 erga
318 3117 489 3198 Principum
505 3111 625 3178 suorum
640 3108 754 3190 laudes,
776 3137 841 3198 quo
855 3114 946 3179 titulo
967 3118 1014 3180 vel
1029 3117 1119 3181 hodie
1247 3146 1250 3153 ’

16 3203 18 3276 ξ
92 3203 189 3266 elucet
214 3207 333 3265 uotnen'
346 3221 407 3264 una
429 3221 498 3264 cum
524 3203 614 3266 laude
636 3221 698 3264 non
717 3203 834 3287 vuigati
849 3198 978 3278 Atturii,
1005 3226 1118 3288 cogno·

16 3307 18 3364 3
92 3304 196 3354 mento
212 3291 325 3372 Magni,
349 3292 404 3371 qui
419 3291 448 3352 a
464 3289 632 3354 Britannice
642 3291 756 3353 Arture
772 3310 847 3353 vaur
860 3291 981 3354 dicitur.
1027 3295 1118 3356 Maur

16 3451 17 3456 η
92 3378 265 3441 Britannice
285 3397 430 3460 magnum
445 3376 601 3459 fignificat.
646 3383 688 3440 At
715 3379 826 3462 linguae
852 3379 1020 3442 Cambricae
1041 3381 1118 3442 idio·

92 3461 195 3528 tismus
217 3466 248 3526 in
272 3469 377 3527 Maure
393 3469 555 3550 conjugato
568 3467 656 3532 vertit
680 3467 727 3529 M.
753 3468 786 3532 iu
800 3467 838 3529 Va
860 3467 1117 3550 quemadmodum

16 3575 18 3652 ᾗ
91 3551 121 3613 iit
143 3553 176 3656 ip
199 3549 267 3616 aliis
288 3553 452 3632 vocabulis,
476 3564 598 3638 propter
617 3553 809 3638 euphoniam,
833 3556 869 3620 B.
883 3549 1011 3620 subinde
1036 3556 1116 3618 inv,

16 3657 18 3688 t
93 3655 229 3708 uertatur.
