2942 4884
283 229 640 340 nunrqunntr
678 224 914 318 coortus.

97 399 147 452 aut
161 380 295 460 urbium,
313 381 389 466 quid
407 381 588 466 populorum
602 395 657 444 aut
670 381 797 456 rituum,
814 380 891 464 qnid
904 375 1035 464 denique
1045 376 1133 464 quod

99 491 163 540 ante
178 477 353 536 Romanum
373 469 482 534 nomen
504 470 662 554 cognitum
688 471 721 531 in
745 469 844 553 pretio
866 467 950 532 suit?
975 468 1008 532 si
1022 467 1133 533 Gildas

100 565 259 628 Britannus
277 575 337 622 tam
356 561 459 643 purum
485 559 516 622 in
540 559 602 623 hac'
623 576 706 644 parte
727 555 861 642 prodesse
885 553 993 642 potest,
1016 572 1134 642 quanto

11 687 13 720 t
101 652 197 716 minus
212 650 306 725 Beda,
327 649 421 724 homo
435 648 564 729 Anulus,
588 648 641 732 qni
667 647 738 709 licet
759 646 861 708 multis
884 646 954 710 esset
968 646 1134 712 virtutibus

102 736 284 812 clarissimus,
308 738 391 820 genti
408 752 506 799 tamen
521 737 673 800 Britannae
688 731 830 810 infensus,
851 735 881 797 δι
901 750 968 798 toto
987 731 1051 797 fere
1064 727 1134 796 vitab

102 826 157 891 suae
173 841 310 908 tempore
325 829 402 886 intra
418 821 583 887 monnslerii
598 822 678 907 septa
703 823 829 899 clausus,
852 843 907 886 nec
929 821 1062 886 multum
1080 841 1135 884 vo·

102 917 168 991 luit,
191 929 245 975 aut
262 914 361 996 potuit
374 915 583 998 antiquitatem
597 911 765 976 illustrare?
790 911 856 975 Sim
869 930 974 987 vanus,
990 909 1044 974 nist
1059 927 1135 994 prae·

102 1003 271 1085 ceptoribus
288 1004 442 1076 Romanis,
466 1001 635 1084 paucissima
651 999 744 1063 modo
760 1000 874 1075 demas,
897 1019 994 1082 eaque
1008 1017 1068 1060 non
1080 996 1134 1060 ad·
1194 1003 1201 1013 ‘

11 1103 12 1115 ¹
103 1091 227 1171 modum
248 1087 352 1172 magni
368 1092 510 1151 momenti
530 1087 599 1152 usus
625 1087 662 1150 stt
676 1091 710 1151 -in
732 1088 812 1151 libro
827 1089 925 1172 primo
938 1083 1136 1150 ecclesiasticae

105 1178 245 1252 hisloriae,
267 1177 323 1240 ubi
339 1177 376 1239 de
397 1176 487 1240 rebus
503 1178 693 1254 Britannicis,
717 1175 811 1242 veluti
832 1178 865 1239 in
882 1171 1060 1252 transcursu,
1083 1173 1136 1237 ali·

11 1279 13 1336 t
106 1263 488 1352 quamsacit'mentionem.
587 1277 604 1288 '‘

145 1357 219 1416 Haec
233 1375 316 1416 nunc
327 1373 398 1436 quae
415 1353 478 1416 dixi
488 1355 591 1416 ‘omnia
607 1352 628 1416 sr
643 1373 748 1436 aequus
759 1351 856 1434 judex
868 1352 899 1415 in
910 1369 1051 1415 acervum
1064 1367 1137 1412 con·

11 1487 12 1499 .
105 1443 231 1525 gesserit,
251 1441 477 1524 quodammodo
494 1443 621 1523 probare
638 1441 833 1516 videbuntur,
856 1439 955 1503 multa
969 1437 1026 1502 esse
1040 1439 1072 1500 in
1090 1437 1137 1500 hi·

11 1590 12 1614 2
107 1529 312 1604 stOri³COdrb
336 1550 405 1611 quae
421 1532 529 1596 merito
542 1545 663 1613 accepta
678 1525 950 1593 reseratGalsredo.
984 1525 1069 1614 Qid
1081 1545 1137 1609 tgr

11 1617 12 1694 ζ
106 1635 159 1692 tur
171 1615 279 1679 caussae
293 1616 345 1691 esi,
369 1618 451 1700 quod
468 1613 505 1680 de
521 1619 604 1682 bono
618 1635 721 1682 autore
735 1633 797 1680 tam
812 1616 888 1680 male
903 1613 1029 1680 sentiat?
1051 1615 1139 1678 Certe

11 1745 13 1756 ›
107 1707 169 1768 haec
192 1707 290 1789 prima
312 1703 363 1769 est.
400 1704 572 1782 Galsredus,
596 1707 689 1770 homo
704 1706 882 1780 Britannus,
906 1703 1067 1767 Arturium
1091 1721 1138 1764 re·

11 1799 12 1832 ³
108 1815 187 1878 gem,
211 1795 425 1856 Britannorum
447 1794 538 1857 decus
559 1771 717 1877 inclytum,
740 1793 895 1878 praedicat,
916 1789 1030 1865 laudat,
1055 1787 1140 1856 &ad

107 1879 207 1964 sydera
224 1896 341 1943 tantum
366 1901 426 1943 non
451 1883 580 1946 extollit.
627 1887 662 1945 ln
682 1903 744 1967 qua
760 1895 844 1966 purte
860 1877 976 1944 secutus
990 1875 1033 1942 est
1046 1875 1141 1940 sidem

109 1967 306 2032 vetustissimae
323 1965 459 2045 hisloriae,
476 1991 571 2054 quam
586 1965 775 2046 bGualtero,
799 1966 1011 2032 archidiacono
1024 1966 1139 2029 Oxoni·

111 2058 178 2132 ensr,
200 2056 453 2138 interpretandam
469 2057 594 2142 accepit.
639 2058 846 2121 Invidetbanc
857 2056 978 2120 laudem
993 2056 1140 2126 barbarus

114 2143 214 2228 hospes
230 2147 367 2220 Arturin,
392 2146 517 2232 principi
533 2147 605 2210 olim
621 2167 691 2210 cum
707 2143 917 2228 potentissimo,
940 2159 1009 2206 tum
1022 2143 1060 2205 de
1074 2143 1142 2204 Bri·

11 2279 13 2300 .
115 2235 205 2296 tannis
220 2234 334 2316 optime
353 2235 469 2298 merito.
515 2235 685 2298 Invidet&
709 2231 857 2296 Galsredo
876 2229 993 2294 'Arturii
1016 2248 1140 2300 nomen.

108 2325 173 2385 ¹Nec
189 2319 229 2384 stc
243 2336 414 2396 contentus,
437 2322 530 2386 modo
538 2321 736 2400 clam,·modo
751 2335 852 2405 aperte
866 2318 1015 2406 loquitur,
1027 2313 1142 2393 scribit,

111 2407 207 2484 sentit,
233 2406 348 2471 nullum
364 2429 497 2494 unquam
513 2409 598 2474 fuisse
623 2429 724 2494 regem
748 2410 830 2493 apud
845 2407 1005 2472 Britannos
1020 2406 1145 2469 nomine
1245 2394 1250 2412 '

112 2497 228 2561 'Arturii
241 2496 395 2562 illustrem.
440 2501 623 2584 Qunqunm
639 2519 676 2562 ne
687 2495 767 2562 solus
777 2495 876 2582 sapere
886 2495 1050 2569 videretur,
1071 2511 1143 2556 eum

112 2587 288 2668 interreges
305 2586 334 2647 in
351 2582 401 2648 sua
415 2585 535 2652 historia
551 2587 637 2669 ponit
652 2589 764 2670 potius,
788 2602 823 2650 ut
845 2584 929 2670 genti
944 2580 1052 2646 nostrae
1073 2595 1142 2644 mo-

112 2695 174 2737 rem
189 2690 286 2758 gerat,
309 2694 401 2756 quam
418 2675 502 2758 quod
518 2674 577 2737 tale
592 2677 759 2758 quicquam
780 2695 821 2737 ex
841 2673 944 2736 animo
958 2667 1066 2736 scribat
1076 2694 1086 2745 ;
1110 2668 1145 2733 id

112 2762 195 2845 quod
212 2757 434 2844 sncileapparet
449 2783 518 2824 cum
532 2783 572 2825 ex
592 2763 655 2826 aliis
678 2762 762 2837 locis,
786 2778 852 2825 tum
867 2761 956 2824 etiam
970 2778 1009 2822 ex
1023 2757 1076 2821 illo
1089 2755 1147 2820 ubi

113 2849 210 2932 lepide
225 2851 255 2910 u
267 2843 380 2922 festive,
405 2865 437 2912 ut
449 2850 503 2912 srbi
517 2849 645 2927 videtur,
668 2853 698 2915 in
712 2852 777 2932 ejus
787 2845 988 2933 sepulchrum,
1003 2843 1089 2929 quod
1103 2841 1146 2908 est

12 2961 13 2982 ³
116 2937 306 3020 Glessoburgi
321 2939 539 3013 ‘Smertarum
560 2942 689 3019 jocatur.
735 2941 779 3000 At
789 2959 847 3024 ego
861 2953 923 3002 tam
932 2935 1031 3010 certis,
1046 2931 1146 3010 claris,
1196 2976 1202 3018 Ι.

12 3069 13 3076 .
117 3027 190 3088 veris
210 3026 407 3108 argumentis,
431 3047 494 3090 non
517 3028 616 3090 dicam
637 3043 698 3091 tam
724 3026 840 3105 multis,
870 3023 995 3108 probare
1015 3020 1145 3106 possum,

117 3115 277 3178 Arturium
291 3110 387 3189 fuisse,
396 3135 487 3198 quam
500 3107 618 3178 Codrus
633 3111 789 3180 Caesarem.
812 3113 916 3177 Lubet
927 3112 1029 3196 itaque
1037 3110 1069 3172 in
1076 3127 1146 3195 gra·

118 3203 190 3264 tiam
204 3201 458 3283 Antiquariorum
472 3199 610 3266 subtilius
625 3205 702 3268 hanc
717 3222 778 3266 rem
794 3199 932 3266 traslare.

159 3290 314 3360 Arturius,
338 3292 445 3354 Utheri
461 3287 656 3356 Pendraeonis
682 3294 712 3354 ἃ
736 3295 852 3376 Igernae
877 3289 969 3364 filius,
992 3303 1104 3349 nomen
1128 3281 1149 3346 d

118 3377 253 3440 Romana
267 3377 433 3453 nobilitate,
457 3379 717 3462 quemadmodum
735 3381 766 3442 u
787 3377 839 3442 alii
861 3377 894 3440 id
916 3375 1060 3460 temporis
1081 3373 1149 3436 Bri·

120 3466 201 3527 tauni
223 3463 321 3538 multi,
337 3467 437 3531 traxit.
462 3471 543 3530 Nam
557 3469 752 3535 Arturinrum
774 3487 885 3531 nomeu
898 3464 982 3549 apud
996 3465 1150 3525 Romanos

118 3552 233 3617 clarum
244 3549 427 3618 suissevelex
436 3555 579 3634 Juvenale
587 3554 690 3639 liquet,
701 3557 755 3642 qui
767 3559 871 3638 Satyra
881 3552 968 3620 tertia
981 3549 1021 3615 stc
1030 3547 1150 3637 scribite

181 3695 184 3701 .
207 3647 548 3706 ——viuarrt
565 3645 711 3708 Arturt‘us
725 3643 806 3726 sshic
914 3714 925 3728 ⁸

206 3731 248 3790 Et
263 3729 748 3792 Catusur.·--------
1155 3695 1171 3730 ⁸

123 3813 179 3878 Sed
196 3814 296 3879 nostra
318 3837 379 3880 uon
404 3819 442 3881 de
468 3821 610 3892 nomine‚·
623 3815 672 3882 sed
697 3818 897 3890 de‘homine,
920 3813 1074 3879 contentio
1088 3810 1152 3884 est3

13 3903 14 3920 ¹
124 3923 299 3988 quanquam
314 3905 429 3968 &illud
445 3903 689 3972 {recentioribus
704 3906 844 3971 uitiatum
855 3901 1061 3988 scriptoribus,
1073 3903 1154 3964 inter

124 4007 206 4075 quos'
215 3991 257 4054 est
272 3995 363 4054 etiam
375 3996 404 4056 u
416 3995 546 4058 Codrus.
564 3999 630 4082 Age
644 3993 749 4078 igitur.
768 3993 820 4057 Est
830 3995 934 4056 civitas
948 3993 979 4054 in
995 3990 1153 4072 Cambria,

14 4157 15 4160 Ἴ
124 4081 245 4142 nomine
261 4082 430 4163 Leginnum
453 4081 585 4167 insignis,
610 4083 662 4147 fita
688 4086 718 4146 in
733 4081 802 4167 ipsis
825 4079 894 4145 lscae
911 4079 1045 4142 fluminis
1069 4078 1151 4161 ripis.

14 4227 15 4234 ,
123 4167 1054 4255 lbialiquandiuvixisseArturium,eoqueaTauaMorganiae
1065 4166 1152 4242 urbe,

109 4253 334 4340 “archiepiscopi
348 4255 447 4320 sedem
465 4258 650 4335 transtulisse,
665 4280 723 4323 non
741 4259 834 4322 modo
847 4260 973 4340 antiqua
986 4255 1154 4317 incolatum
1211 4305 1216 4310 ,

125 4341 199 4407 fides
214 4344 320 4419 asserit,
336 4349 542 4410 verumetiam
559 4348 699 4432 permulti
716 4348 819 4422 libelli,
844 4348 899 4430 qui
914 4344 1085 4406 Britannica
1097 4341 1155 4408 lin-

14 4459 15 4480 *
123 4451 183 4520 gua
197 4427 332 4520 scripti-l
348 4435 485 4532 Cambris
501 4439 589 4499 etiam
609 4455 691 4500 nunc
705 4437 859 4520 leguntur.
903 4436 947 4498 Ut
958 4429 1036 4497 nihil
1048 4426 1156 4514 loquar

271 4535 441 4608 futurarm,
454 4549 528 4610 prope
533 4539 605 4608 ruem
616 4538 789 4607 nunninus
801 4536 876 4602 nnn.
1117 4516 1167 4591 tle.
