2942 4884
202 239 450 309 ENCOMIA
485 243 735 312 lLLUSTR.
772 245 961 323 v1RORr]

94 378 120 411 “
143 371 254 438 Plenas
268 373 431 459 aggredere
443 367 551 452 inclyti
565 372 658 456 puelli

96 467 121 500 ‘⁸
143 460 268 527 Laudes
282 460 414 528 carmine
428 460 528 524 Caroli
543 458 688 525 insonare.

99 556 123 585 ‘⁴
147 553 291 632 Namque
305 552 331 613 is
345 552 523 634 Gorgoneos
538 547 608 611 colit
623 549 712 614 beato

98 644 124 674 “
146 641 314 702 Torrentea
327 635 435 712 studio,
458 655 557 699 comes
571 635 707 700 sororum

27 751 31 759 ·
100 732 126 762 “
148 725 320 788 Dosiarnm
339 724 453 799 solitus,
480 723 567 786 lereis
583 725 704 787 choreas

99 818 123 849 “
145 817 253 899 Qum
268 813 322 877 alti
336 815 367 876 in
381 813 491 877 vertice
504 815 689 895 germinante
703 813 821 879 ducunt

100 905 124 941 ‘⁴
147 900 288 978 Parnalsr,
310 899 361 965 sua
374 898 473 964 floreis
488 899 627 964 revinslae

99 993 126 1028 “
150 991 244 1052 Sertis
260 1007 392 1072 tempora
407 1007 490 1051 more
504 988 701 1070 perdecentc=

101 1082 125 1114 “
147 1077 212 1140 Pro
225 1097 289 1160 quo
303 1095 385 1140 nunc
399 1073 498 1138 studio
514 1096 622 1138 novem
637 1078 745 1159 puellae

101 1170 123 1199 ‘⁴
146 1167 228 1248 Apta
243 1165 307 1228 haec
320 1183 445 1226 munera
455 1162 610 1226 Blondulo
621 1166 724 1247 puello

101 1258 124 1288 “
147 1249 300 1316 Consensu
314 1251 451 1315 unanimi
465 1251 591 1333 quidem
602 1252 723 1328 dedere,

102 1345 124 1376 ‘⁶
148 1342 281 1424 Linguae
295 1350 477 1424 perpetuom
491 1337 601 1402 Atticae
615 1340 758 1423 lepdrem,

100 1433 124 1466 “
146 1429 276 1512 Linguae
288 1426 452 1492 &delicias
462 1446 555 1489 meras
567 1429 716 1492 Latinae.”

5 1538 6 1581 1
100 1516 278 1578 Parendum
294 1516 428 1592 monitis,
450 1517 604 1590 Camoena,
628 1514 767 1594 henrestis,

100 1601 155 1665 Bis
168 1603 331 1686 pulchrum
341 1615 451 1686 reputo
464 1617 547 1665 tuam
563 1604 732 1666 Minervam

100 1690 254 1776 Infignem
269 1691 400 1756 numeris
412 1690 486 1754 meir
501 1691 640 1774 probare.

367 1800 419 1866 Ad
429 1805 574 1888 Rogertrm
590 1801 771 1884 Aschamum.
797 1871 801 1882 ,

100 1899 293 2026 ASchame
302 1901 446 1968 litterulas
461 1918 525 1967 tam
538 1903 615 1967 belle
630 1905 740 1988 pingis,
765 1922 799 1970 ut
814 1905 876 1990 ipsa

195 1993 313 2054 Graecia
328 1989 497 2056 rescribam
510 1992 633 2074 pervelit
648 1993 703 2054 esse
715 1989 799 2056 sunm
816 2018 824 2058 ε

5 2080 6 2091 ’
102 2081 148 2142 Ut
162 2079 235 2142 velit
247 2079 304 2141 else
317 2075 414 2156 suum,
436 2100 538 2142 rerum
552 2095 653 2162 caput,
676 2081 786 2162 inclyta
801 2085 911 2160 Roma,

145 2164 295 2254 Qamris
309 2167 426 2230 Italicos
442 2164 568 2240 scribere
582 2166 671 2229 dosia
685 2169 803 2236 modos.

103 2254 163 2322 Sed
175 2254 307 2322 calamos
319 2274 374 2317 cnr
385 2269 469 2342 certo
484 2270 552 2317 tuos
565 2255 701 2319 attollere
715 2273 796 2319 vates

144 2340 310 2406 Carmine:
330 2342 368 2406 lit
381 2343 478 2410 virtus
491 2363 591 2427 quum
605 2358 657 2405 tua
671 2360 744 2405 nota
759 2347 846 2409 satis?

381 2452 433 2517 Ad
443 2455 598 2518 liebertum
612 2456 761 2518 Seuerum.

173 2541 248 2603 ΠΜ
270 2539 467 2606 tu'declamas
481 2543 613 2619 Grantae,
637 2540 790 2626 versasque
803 2545 910 2610 beatur

189 2625 328 2693 Ausoniae
337 2626 417 2694 facili
433 2645 479 2694 tot
492 2648 690 2694 monumenta
704 2651 794 2694 manu
809 2653 816 2694 :

6 2780 7 2793 ,
102 2720 344 2800 Graecorumque
357 2739 480 2782 omnem
491 2718 596 2781 lustras
610 2717 767 2781 studiosior
782 2721 901 2802 orbem,

147 2803 414 2888 Bellerophonteis
427 2805 563 2870 fontibus
576 2827 631 2868 ora
643 2807 742 2890 rigans
755 2831 763 2868 a

101 2889 170 2976 Ipse
184 2908 265 2969 tour,
287 2909 373 2956 vetus
387 2890 447 2976 ipse
462 2909 534 2958 tuus
549 2893 701 2958 lelandus
714 2895 829 2964 anricus

147 2981 222 3042 Fato
235 2977 317 3044 felici
331 2981 447 3046 Gallica
460 3001 554 3066 regna
563 2983 641 3047 tolo.

102 3071 163 3133 Hic
177 3069 232 3132 tibi
245 3066 269 3132 fi
282 3087 362 3131 curae
374 3067 426 3146 cst,
449 3071 525 3153 quid
540 3090 639 3153 agam,
662 3067 847 3155 cognoscere,
861 3069 980 3139 tandem

145 3156 269 3238 Accipe,
294 3153 345 3218 sed
359 3157 485 3221 breviter
498 3155 578 3219 sacta
592 3160 683 3221 relata
697 3159 782 3222 mihi.

104 3245 254 3312 Contio&
268 3263 421 3326 compono
433 3265 505 3328 quae
519 3265 593 3308 mox
605 3247 783 3329 depromere
799 3246 913 3331 possim,

143 3333 191 3394 Ut
209 3326 317 3396 resono
330 3332 425 3396 Flacci
438 3332 570 3396 carmine
586 3331 671 3396 Musa
686 3348 783 3398 canat.

101 3420 250 3482 Praeterea
264 3434 400 3482 veterum
411 3422 507 3484 multa
523 3422 705 3504 exemplaria
721 3443 838 3504 quaero,
1103 3455 1157 3518 Μ,
1171 3463 1210 3509 54,

144 3507 292 3592 Exploro,
314 3507 411 3572 crallis
424 3528 499 3572 eruo
513 3510 544 3577 8(
558 3508 575 3572 ὲ
600 3511 740 3574 tenebris.

99 3596 181 3658 Ecce
194 3595 277 3658 rides
291 3593 397 3660 nostrae
412 3599 557 3661 rationem
570 3597 617 3678 s&
627 3599 750 3681 certius)
765 3619 884 3664 omnem
949 3667 956 3676 ,

145 3681 225 3745 Vttae
237 3681 290 3747 hic
306 3679 477 3748 transasiaer
498 3685 588 3749 docie
599 3688 708 3750 Seuere
722 3686 799 3749 vale.

366 3796 419 3861 Ad
428 3797 579 3865 Valeriam·
592 3801 776 3865 Martialem,

6 3908 7 3941 ss
99 3879 264 4004 EGregli
279 3899 361 3949 vates
373 3882 510 3969 scripsere
524 3888 748 3971 Epigrammata
764 3887 863 3964 multi,

189 3975 269 4060 Qae
283 3977 364 4039 canit
377 3976 408 4038 in
424 3988 490 4038 toto
505 3975 624 4039 dosiior
638 3977 713 4040 orbe
725 3977 848 4041 chorus.

101 4057 226 4140 Judicio
241 4060 341 4125 nostro
354 4059 404 4125 sed
419 4065 522 4126 virum
536 4058 614 4126 solus
629 4084 753 4127 acumen

143 4147 238 4210 Vates
254 4163 287 4211 tu
302 4147 418 4234 semper
432 4149 603 4214 Bilbilitanc
618 4149 721 4214 refers.

100 4237 263 4298 Materiam
276 4242 384 4301 Morus
399 4235 421 4301 fi
436 4237 636 4322 pertrasiallet
650 4240 787 4316 eandem,

144 4325 290 4390 Certasset
306 4325 402 4391 Mufis
416 4325 522 4391 amula
536 4323 624 4390 Musa
637 4328 707 4413 tatia

7 4462 8 4505 3
103 4411 194 4478 Von.
211 4415 250 4477 V.
515 4418 570 4501 Q
