2942 4884
272 249 515 333 sucorum
547 251 800 315 3333333.
829 251 999 314 vrnon
1200 233 1288 356 os

26 356 27 423 l
139 376 276 446 inrideat
291 376 428 449 Latium,
453 374 536 438 sileat
549 392 617 435 narn
631 371 731 436 Gallia
747 393 880 457 pugnax,

181 462 381 533 Obmutescat
395 463 474 539 lber,
490 476 658 525 murmuret
673 475 765 544 atque
781 464 910 538 Scotus;

140 559 252 622 Felices
268 552 362 636 Angli
377 553 500 626 Herses,
523 548 623 632 queis
627 549 688 610 ralis
704 551 852 611 Homerus
906 571 910 580 ’

184 638 392 728 Tyrtaensque
406 639 492 709 bonis
507 638 618 720 obtigit
632 633 781 719 auspiciis.

141 736 211 817 Jam
225 726 458 813 Phlegetontaeis
473 746 534 790 non
547 723 640 787 vestra
656 723 789 806 trophaea
804 725 934 788 cavernis

183 817 394 912 Squallebunt,
418 829 538 899 pereant
553 811 604 876 ilia
619 829 651 874 ut
666 811 727 896 ipsa
742 809 856 880 Codro.
1028 807 1031 814 '

220 964 272 1044 Ad
282 963 362 1030 Guil.
379 961 534 1045 sisbertum,
559 962 590 1028 d
605 959 783 1024 Richardurn
798 958 974 1046 Vignallum,
1143 960 1198 1025 Pag-
1213 961 1268 1010 ut.

463 1047 765 1133 Ecclestastasfidelff
1041 1049 1044 1056 '

24 1224 25 1249 ;
146 1183 338 1310 GRetulor
352 1181 451 1246 hercle
465 1181 553 1254 milri,
576 1179 661 1264 quod
676 1177 776 1241 nostra
790 1174 913 1240 Ilsordia
930 1173 1031 1238 vestrae

242 1273 401 1375 contigua
408 1268 461 1344 est,
479 1266 603 1350 junctos
619 1267 820 1352 possideatque
836 1265 919 1328 lares.

144 1361 334 1430 Hacetenim
346 1359 471 1433 ratione,
496 1373 548 1420 tua
562 1354 689 1432 Fidrere,
714 1371 838 1438 tuaque,

187 1451 235 1516 Mi
248 1447 395 1532 signasse,
418 1405 504 1510 frdor
516 1444 602 1508 laetus
619 1444 759 1508 amicitia

187 1599 225 1666 Iu
239 1595 359 1684 ffgr'em
372 1591 576 1680 bonoratifflmi
592 1597 665 1680 susp
667 1594 801 1682 lendidiffi
817 1573 878 1662 viri
873 1599 935 1660 D.
954 1596 1088 1674 Isaurici,

277 1688 394 1752 Comitis
410 1681 588 1768 Darbierfir,
611 1685 653 1747 ad
667 1686 746 1750 Guil.
762 1685 957 1765 Hanfordum

23 1828 24 1845 ¹
148 1825 383 1956 STanlaeutn
368 1829 542 1905 Henricum,
566 1831 715 1892 Comitem
731 1851 822 1912 quern
839 1831 953 1894 Darbia
962 1826 1069 1912 jasiat,

213 1920 315 2004 Qem
332 1912 424 1980 solide
437 1929 562 1997 exornat
577 1917 733 2002 Strangica
749 1918 899 1993 nobilitas,

22 1994 23 2065 l
146 2009 248 2091 Qem
261 2003 318 2068 fibi
338 2002 471 2088 deposcit
486 2025 587 2087 regem
602 2007 696 2075 Mona
712 2001 806 2068 insula
820 2004 942 2082 sortem,

190 2097 295 2182 Qem
308 2091 431 2156 decorat
444 2091 581 2156 constans
594 2092 673 2154 ordo
687 2089 881 2174 periscelidis:

148 2183 222 2267 Qo
236 2179 453 2260 Cestressryriae,
475 2200 510 2244 ac
520 2178 723 2245 Inuca-stridor
738 2201 790 2242 ora
801 2179 944 2258 suberbit,

190 2269 277 2345 Haec,
299 2268 464 2347 morose,
488 2269 543 2333 tibi
556 2269 677 2332 denotat
690 2266 811 2352 effigies

205 2419 258 2488 Ad
268 2421 452 2486 Emanuelem
466 2425 643 2485 Newtonum
644 2419 780 2504 ,filium
803 2421 997 2534 Maclesseldae

501 2513 727 2593 tyrocinantem.

21 2678 22 2681 κ
148 2632 370 2760 EMmanuel,
361 2631 497 2731 ,patriis
511 2633 609 2716 praebe
624 2632 671 2696 his
685 2633 854 2696 hortatibus
869 2653 983 2710 aurem,

223 2725 263 2783 Et
277 2740 406 2784 memori
396 2719 519 2782 nostra
535 2721 599 2782 haec
615 2720 697 2782 disin
712 2724 841 2784 reconde
857 2721 934 2786 sinu.
1054 2737 1057 2744 ’

149 2810 195 2873 Sit
212 2807 270 2872 ribi
283 2829 356 2871 cura
371 2811 471 2870 Deum
487 2807 636 2890 precibus,
660 2809 707 2870 vel
722 2810 827 2890 prImn,
851 2831 906 2894 rog
888 2811 989 2887 naudi,

194 2899 240 2958 Ut
255 2911 306 2960 tua
322 2897 454 3002 propitio
468 2895 585 2961 flamine
599 2893 707 2959 cunsta
723 2912 815 2980 regat.

21 2978 22 2989 ¹
151 2985 200 3050 sis
216 2985 348 3060 humilis,
372 2982 464 3059 mitis,
487 2984 525 3046 sss
534 2985 675 3060 clemens
698 2982 792 3068 dilige
804 3005 919 3068 pacem,

195 3076 238 3135 Er
253 3071 426 3155 preceptori
441 3073 622 3156 morigerare
638 3093 701 3135 tuo.

152 3159 314 3225 Detrasior
329 3181 367 3222 ne
382 3157 429 3236 srs,
451 3160 590 3235 mendax,
613 3151 805 3244 sycophanta,
828 3159 986 3242 cynoedus,

197 3248 453 3330 Turpiloquunj
456 3267 542 3323 urax,
567 3264 681 3321 torvus,
705 3245 853 3321 alastor,
845 3269 944 3312 iners:

21 3406 22 3415 ¹
150 3340 224 3409 Non
236 3337 373 3418 linguan,
394 3335 483 3400 furax
505 3356 606 3398 rerum
621 3336 799 3416 vendaxque
812 3351 944 3414 tuarum,

196 3427 262 3487 Nec
273 3438 409 3504 caperata
426 3437 523 3486 truces
537 3419 621 3486 srons
631 3420 707 3486 serat
723 3422 776 3484 ista
792 3425 899 3488 misas.

21 3548 22 3557 1
153 3509 340 3595 Obsequium
349 3510 466 3573 cunsiis
481 3510 598 3592 praestes
612 3533 666 3593 pro
680 3512 804 3585 viribus,
827 3531 933 3576 omnes

197 3600 358 3663 Derincire
372 3596 459 3660 slude
468 3599 605 3662 moribus
620 3599 766 3682 ingenuis.

21 3674 22 3691 ¹
156 3687 205 3756 Sic
219 3703 360 3769 acceptus
374 3687 430 3748 eris
445 3687 559 3749 cunsiis
573 3688 604 3748 83
619 3687 755 3749 amabilis
773 3711 782 3747 a
806 3703 880 3768 ergo

197 3771 357 3840 Auscultes
372 3774 495 3837 monitis
512 3775 561 3854 (ut
574 3775 672 3857 docet)
690 3771 866 3837 hiscesrneis.

354 3924 405 3988 Ad
416 3924 530 3989 Areum
546 3930 724 3990 Newtonum
724 3893 883 4008 ,filiolmrm

159 4047 257 4176 Mi
275 4050 329 4128 sili,
353 4071 396 4115 mr
384 4051 505 4114 dulcis
519 4051 608 4127 Abel,
632 4072 699 4115 mea
710 4069 819 4132 magna
832 4049 982 4134 voluptas,

259 4142 303 4202 Ut
317 4139 437 4203 Christo
453 4140 576 4222 placens,
600 4155 636 4201 ut
653 4133 770 4221 placeas
768 4158 828 4220 que
840 4137 925 4215 mrhr
980 4214 983 4220 j
1140 4181 1141 4184 κ

151 4228 285 4312 Pervigil
298 4225 416 4292 insudes
429 4227 585 4311 nostuque
601 4228 716 4310 diuque
731 4223 850 4300 libellis,
1161 4247 1219 4316 rag.
1232 4249 1295 4308 ,ης

202 4318 267 4402 Qi
281 4315 391 4403 possint
405 4315 529 4382 dossum
544 4315 670 4380 reddere
702 4317 819 4399 quique
833 4315 930 4400 pium.
990 4343 995 4352 ·
1071 4401 1104 4464 Η

600 4407 669 4472 Za
1106 4399 1155 4468 inc
1238 4451 1240 4456 .
1366 4447 1369 4454 ‚
