2942 4884
506 167 1270 250 Joauutsaanauotm

344 297 443 380 olevit,
472 311 507 358 ut
530 295 669 358 monachi
693 315 816 377 peregre
834 295 1020 357 venientibus
1044 294 1182 358 calvarias
1205 295 1323 359 Arturii
1339 295 1370 358 8c

345 371 493 448 Gueno'rae
510 403 566 444 una
579 404 650 444 cum
662 403 751 444 cruce
766 382 906 462 plumbea
922 381 1057 464 inscripta
1071 381 1234 446 ostendant.
1278 388 1373 447 Nunc

342 474 478 554 judicent
499 469 578 552 aequi
599 469 732 544 ledlores,
757 490 829 530 num
846 471 1007 552 aliquando
1030 471 1110 553 apud
1137 474 1294 534 Britannos
1316 490 1372 533 rex

347 558 466 623 nomine
480 559 597 619 Asturii
607 559 706 632 luerit,
715 574 895 638 rumpantur
906 574 940 618 ur
954 560 1002 619 ilia
1015 559 1127 634 Codr0,
1139 581 1230 642 quem
1243 580 1296 621 nos
1308 560 1373 620 elo·

348 649 477 730 quentiae
493 646 591 725 potius
607 666 699 728 quam
714 645 783 706 fidei
798 645 1040 721 commendatum
1055 646 1263 729 relinquimus,
1287 645 1373 730 plura

347 733 456 796 diduri
471 733 508 794 de
524 732 674 794 Galsredo.
722 737 752 794 Is
771 735 880 794 etenim
905 733 1089 814 summopere
1111 735 1316 796 deleslabatur
1330 733 1372 794 le·

348 822 447 884 stione
462 819 648 904 antiquatum
674 840 785 893 rerum,
810 823 1001 903 maximeque
1025 824 1272 885 Britannicarum.
1311 823 1373 882 De·

349 909 515 972 leslabatnr
538 911 625 969 etiam
649 907 810 969 dtsiomm
832 905 1055 971 consuetudine.
1104 909 1192 972 Unde
1216 907 1376 971 intervenit

246 993 588 1063 &rllrsamrhautas
609 1012 678 1062 cum
693 996 849 1068 Gualtero,
872 997 1293 1084 archidiacono²ls1acorum,
1319 997 1376 1058 ho·

352 1085 492 1163 mineeju
475 1081 574 1145 sdem
591 1079 707 1165 prorsus
722 1082 848 1144 tnstrtutt
867 1085 896 1145 a
917 1086 1016 1145 animi
1043 1087 1120 1146 Nam
1138 1101 1194 1146 tam
1217 1083 1377 1168 diligenter
1455 1100 1456 1109 ¹

352 1189 464 1235 veteres
482 1149 674 1233 bibliothecas
690 1167 834 1232 invisebat
845 1171 958 1245 avidus,
982 1193 1072 1254 quam
1088 1175 1140 1255 qui
1153 1174 1290 1246 maxime,
1307 1192 1377 1234 eru·
1456 1210 1457 1213 =

352 1261 422 1323 endi
437 1259 523 1320 dosta
538 1275 670 1320 veterum
683 1273 823 1320 autorum
837 1262 867 1320 in
871 1260 978 1321 lucem
994 1262 1183 1323 monimenta.
1198 1259 1291 1346 Qod
1305 1279 1378 1320 cum

353 1347 525 1430 aliquandiu
542 1339 655 1410 sirenue
670 1341 788 1419 fecisset,
812 1348 842 1407 8c
857 1346 945 1407 casu'
939 1364 1014 1409 mter
1027 1349 1234 1424 Armoricanos
1250 1339 1378 1408 diversa-

335 1451 337 1460 ·
352 1450 445 1510 retur,
459 1433 560 1496 incidit
571 1437 601 1494 in
612 1431 759 1494 historiam
772 1433 1274 1518 Britanuiae,Britannicescriptam.
1290 1437 1379 1496 Tum

352 1544 434 1597 vero,
452 1537 595 1603 tanquam
608 1523 759 1603 ingentem
774 1521 879 1582 nasius
894 1519 1075 1596 thesaurum,
1100 1518 1252 1603 impendio
1265 1521 1379 1604 gaude-

353 1612 416 1685 bat,
440 1609 588 1692 pauloque
610 1607 727 1690 postin
747 1611 888 1691 Angliam
915 1609 1112 1686 transfretans,
1141 1611 1248 1672 librum
1273 1607 1379 1672 Gallo-

354 1696 445 1771 srido,
468 1700 532 1758 viro
547 1699 619 1758 citra
635 1696 862 1758 controversiam
877 1700 909 1759 in
931 1698 1098 1759 Britannica
1114 1699 1213 1780 lingua
1235 1695 1381 1760 exercita·

354 1785 472 1860 tilsrmo,
499 1781 736 1846 transferendum
756 1782 889 1846 tradidit.
934 1789 1036 1868 Atque
1058 1786 1107 1846 hic
1128 1784 1188 1846 suit
1203 1785 1381 1859 Gualterus,

354 1876 474 1955 nequis
489 1875 613 1954 ignoret,
638 1874 692 1954 qui
707 1871 847 1933 derebus
863 1871 966 1934 nostris
981 1874 1102 1954 proprio
1117 1877 1151 1934 M
1154 1888 1213 1934 arte
1235 1876 1382 1954 privatam
1464 1922 1465 1933 r

354 1960 576 2034 alBritannica,
601 1975 635 2020 ut
661 1973 748 2021 autor
767 1958 808 2022 est
829 1961 1010 2043 Ranulphus
1034 1959 1202 2080 Castrensrs,
1225 1959 1382 2024 historiam

351 2045 475 2130 scripsit.

399 2133 585 2198 Gallosridus
600 2157 679 2211 vero,
703 2137 827 2217 antiquo
838 2136 1009 2218 exemplari,
1026 2073 1113 2218 supra
1128 2157 1219 2219 quam
1238 2137 1382 2220 cuiquam

356 2223 495 2288 credibile
510 2223 561 2298 est,
578 2224 753 2299 delestatus,
769 2224 918 2285 historiam
934 2227 1135 2287 Britannicam
1148 2225 1310 2287 Latinitate
1324 2224 1382 2286 do-

358 2314 451 2387 navit,
476 2314 567 2394 inque
582 2312 653 2372 osto
675 2313 766 2373 libros
782 2311 888 2384 diviht,
912 2331 988 2393 quos
1003 2313 1148 2384 Roberto,
1173 2314 1243 2374 duci
1258 2310 1383 2373 Claudi·

358 2419 427 2473 ana,
453 2397 551 2480 postea
566 2399 723 2462 dedicavit.
761 2398 933 2460 Transtulit
948 2402 1038 2460 etiam
1049 2402 1078 2461 in
1094 2403 1234 2462 Latinam
1246 2399 1385 2482 lingnam

357 2485 529 2570 prophetias
546 2484 669 2548 Merlini
685 2484 846 2560 Ambrofii,
871 2507 956 2568 quas,
973 2487 1072 2547 addita
1087 2485 1268 2569 praefatione,
1292 2487 1388 2550 Alexa

357 2575 460 2649 andro,
473 2573 613 2656 episcopo
627 2572 779 2645 Lindensr,
795 2574 1024 2636 commendavit.
1036 2581 1220 2661 Qanquam
1237 2578 1267 2636 in
1280 2571 1385 2635 multis

359 2662 581 2744 exemplaribus
607 2661 726 2724 libellus
751 2661 798 2722 ille
824 2662 950 2722 historiae
964 2662 1153 2738 Britannicae,
1181 2659 1387 2724 aiGallostido

360 2751 530 2824 translata,¹
543 2766 689 2832 tanquam
703 2765 829 2832 quartus
844 2747 1001 2810 inseritur:
1026 2772 1088 2832 quo
1113 2751 1206 2812 nrodo
1227 2749 1249 2811 st
1275 2746 1385 2824 sumas,

257 2855 261 2858 ·
362 2839 532 2900 Britannica
553 2834 675 2898 historia
699 2857 805 2897 novem
830 2836 920 2899 libros
944 2839 1087 2899 continet.
1133 2841 1279 2901 Praeterea
1293 2838 1387 2899 vitam

359 2924 480 2987 Merlini
498 2926 652 2986 Calcdonii
675 2925 712 2986 ad
738 2926 906 2986 Robertum
925 2923 1099 3006 episcopum
1117 2945 1176 2986 non
1191 2941 1387 2988 contemnen-

360 3014 403 3075 do
417 3013 510 3074 edidit
525 3016 665 3087 carmine,
690 3013 772 3098 quod
788 3033 845 3095 ego
871 3033 967 3093 nuper
990 3013 1076 3074 avide
1090 3012 1235 3096 legebam,
1259 3033 1327 3073 cum
1343 3008 1386 3072 es-

291 3115 295 3130 ’
360 3097 620 3182 semGlesloburgi
633 3100 645 3137 0
658 3103 910 3181 Somurotrigum.
935 3098 1269 3163 Pollicebatnretiama
1274 3103 1386 3182 cap⁰.8.

361 3188 431 3250 libri
443 3187 570 3249 hisloriae
584 3190 772 3261 Britannicae,
788 3187 996 3248 translatumm
1009 3183 1036 3248 se
1047 3209 1085 3249 ex
1100 3189 1201 3290 lingua
1220 3188 1389 3249 Britannica

362 3276 394 3337 in
410 3277 548 3336 Latinam
563 3273 673 3337 librum
690 3277 727 3336 de
741 3276 832 3337 exilio
845 3273 1105 3337 ecclesiasticorum
1121 3279 1250 3338 virorum
1270 3276 1388 3336 Britan-

363 3366 432 3437 niae,
455 3365 539 3445 quod
554 3383 627 3425 num
651 3360 752 3424 fecerit
767 3383 827 3423 nou
842 3363 919 3423 dum
933 3360 1000 3423 satis
1023 3362 1176 3446 cognitum
1193 3363 1301 3433 habeo,
1344 3364 1388 3422 A·

364 3410 432 3513 liud
445 3463 553 3525 tamen,
578 3445 669 3532 idque
684 3452 826 3511 memoria
847 3467 907 3510 non
929 3449 1098 3532 indignum,
1121 3452 1275 3534 cognitum
1291 3449 1389 3511 habeo

361 3559 403 3601 ex
417 3539 572 3600 annalibus
585 3538 717 3613 joannis,
740 3537 856 3599 abbatis
869 3537 1037 3619 Burgensrs,
1061 3558 1167 3618 nempe
1182 3534 1388 3598 Gallosrldum

364 3624 549 3708 designatum
564 3625 649 3686 fuisse
669 3621 839 3706 episcopum
856 3624 1021 3685 Eluienscm
1041 3645 1119 3687 anno
1134 3630 1175 3686 D.
1196 3642 1290 3705 1150.
1338 3624 1390 3685 Est

363 3715 448 3775 enim
462 3713 583 3774 Eluium
594 3709 677 3774 'sedes
697 3710 869 3794 episcopalis
892 3713 921 3772 in
937 3713 1064 3774 citeriori
1081 3729 1164 3793 parte
1184 3712 1335 3774 Cambriae
1350 3713 1390 3774 ab

365 3801 457 3861 Eluio
478 3800 570 3862 fluvio
585 3800 806 3881 preterlabente
826 3798 865 3860 src
888 3798 1023 3873 dissum,
1048 3801 1278 3882 Britanniceque
1303 3820 1390 3860 voca-

366 3887 586 3960 turLlanelwi,
612 3886 708 3960 idest,
732 3889 815 3949 locus
830 3886 877 3948 vel
897 3886 1013 3948 ecclesa
1030 3884 1114 3966 super
1130 3888 1250 3965 Eluiunr
1265 3886 1390 3950 fluvium

358 3973 469 4058 posita.
517 3974 574 4036 Sed
590 3976 766 4037 recentiores
782 3995 891 4036 nomen
907 3974 975 4035 loco
994 3973 1128 4035 indidere
1145 3959 1247 4036 sanum
1267 3971 1391 4056 Asaphi
1436 3999 1444 4006 ·

280 4113 283 4120 ,
365 4062 447 4122 Sed
435 4082 500 4140 Jam
511 4061 576 4124 finis
591 4060 653 4124 eslo
668 4061 773 4123 nostrae
785 4062 822 4123 de
834 4060 1005 4123 Gallosridd
1019 4063 1171 4138 orationis,
1188 4065 1242 4146 qui
1257 4063 1287 4124 in
1296 4063 1394 4142 pretio

362 4083 447 4211 suitJ
436 4165 579 4232 regnante
595 4151 627 4212 in
640 4151 753 4232 Anglia
768 4148 899 4214 Henrico
916 4152 1027 4232 primu.

200 4289 205 4323 t.
397 4273 410 4301 0
426 4271 521 4318 Oxoni
512 4269 575 4320 nst
567 4288 589 4323 m
598 4283 635 4340 pu
633 4287 679 4321 nas
664 4271 807 4339 scripserat
819 4271 863 4324 tet
854 4270 941 4324 mantus
1010 4270 1024 4314 b
1038 4273 1184 4322 §metretum
1191 4269 1396 4340 prinzumsfripse-

200 4325 209 4391 l
356 4343 399 4386 tat
409 4336 531 4394 Lelandus.
647 4412 651 4420 Ι
1276 4337 1393 4388 ASSER·

88 4509 98 4536 ἱ
