2942 4884
245 251 288 334 98

471 252 500 330 J.
539 215 793 315 nsnnnnr
830 251 1185 338 nurrooanrr

414 383 516 448 Hamis
532 381 721 464 prandiolum
734 396 835 444 rotans
850 381 986 463 aduncis,

415 476 514 535 Aures
531 471 616 531 laetus
632 470 805 554 &arrigens
821 485 953 547 acutum,

415 554 602 639 Eredlusque
613 554 712 620 sedens
728 557 825 620 statim
837 559 959 623 reduxit

416 649 456 708 Et
470 645 594 709 caudam
609 644 647 708 ad
663 644 825 707 tremulum
836 664 927 728 caput
945 646 1079 732 pilosam,

414 738 539 798 Natnrae
553 731 680 794 referens
692 730 749 793 suae
763 731 906 795 latentem

416 825 505 884 Certe
516 817 714 902 nescioquam
725 823 889 903 potentiam
903 846 912 896 3
936 820 1016 889 uude

416 913 457 971 Et
472 928 578 970 nomen
593 909 746 990 proprium
761 907 904 996 inditumv
914 907 1074 993 eleganter.

418 997 483 1059 Illic
498 993 605 1058 scilicet
619 997 716 1057 oriens
726 993 814 1057 Pelas
809 1017 850 1080 go
863 994 881 1059 ὲ

417 1086 522 1157 Fonte,
546 1084 576 1144 &
589 1082 788 1166 fignificanter
802 1084 1001 1168 undecunque
1015 1104 1025 1148 ι

419 1173 498 1235 Hinc
512 1186 629 1232 exercet
643 1171 778 1233 acutulos
794 1175 919 1256 receptis

420 1257 518 1322 Testis
533 1257 711 1335 denticulos,
733 1255 869 1341 opusque
883 1259 999 1322 fervet:

420 1351 601 1428 Fragmenta
614 1347 748 1428 undique
760 1347 902 1408 decidunt
914 1345 1051 1424 sebasia,

388 1492 393 1502 ,
420 1433 581 1498 Testarum
596 1434 782 1496 &cumulus
797 1434 857 1496 cito
871 1433 906 1496 fit
920 1437 1035 1520 ingens.
1075 1495 1081 1506 ,

424 1523 554 1603 Elugent
567 1519 620 1583 sna
640 1523 758 1604 praemia
772 1522 835 1584 haec
854 1521 946 1605 puelli

423 1611 471 1671 Sic
485 1605 595 1670 sublata
607 1611 742 1692 quidem,
765 1606 935 1693 frequenter
947 1609 1050 1694 idque.

423 1701 456 1759 T
460 1717 518 1759 unc
531 1693 643 1759 viscum
660 1699 689 1761 δι
705 1696 833 1779 pedicas
857 1707 977 1761 crucem
993 1713 1116 1780 tyranno

423 1786 546 1856 Immiti,
571 1785 724 1846 unanimes
739 1785 890 1858 minantur
904 1807 1018 1850 omnes.

424 1871 510 1934 Felix
521 1873 570 1933 ille
585 1887 684 1934 tamen
698 1871 777 1934 same
794 1871 910 1955 repulsa
962 1881 966 1890 '

309 1994 314 2008 ,
424 1963 559 2021 Matutae
576 1960 667 2041 coryli
690 1980 778 2022 nuces
793 1960 930 2023 recondit
956 1975 958 1983 ⁴

424 2051 540 2108 Cautus
554 2049 698 2110 continuo
711 2047 825 2111 horreis
840 2049 870 2110 in
884 2047 972 2130 ipsrs:

423 2132 490 2196 Illic
505 2136 593 2197 arbor
607 2135 661 2197 ubi
675 2137 809 2197 incavata
824 2135 944 2216 prostat,

424 2221 608 2305 Securosque
622 2223 724 2287 thoros
740 2221 797 2286 suis
807 2223 933 2286 alumnis

423 2307 530 2373 Museo
545 2309 714 2372 luxuriante
728 2305 920 2394 praeparavitss

423 2398 585 2460 Libertatis
599 2414 663 2460 erat
675 2394 788 2460 sciurus
803 2398 855 2461 ille

422 2483 533 2547 Cultor
547 2501 726 2568 perpetuus:
752 2484 800 2548 sed
818 2487 890 2566 (heu
905 2488 930 2568 !)
947 2487 1063 2568 puellus

423 2573 518 2648 Unus,
542 2571 697 2635 fraudibus
712 2569 780 2634 usus
796 2573 867 2653 (heu
881 2575 904 2654 !)
921 2577 1067 2659 malignis,

424 2662 505 2741 Tam
516 2676 609 2744 gratae
623 2660 735 2722 invidet
751 2660 829 2726 illius
841 2661 948 2744 quieti.

430 2746 487 2810 Hic
500 2769 570 2809 vero
585 2769 688 2812 nemus
703 2769 793 2812 omne
808 2747 939 2812 curiosus

426 2834 665 2910 Collustraverat,
688 2837 717 2898 8<
732 2835 806 2899 dolo
820 2837 947 2900 alludtus

425 2925 586 3005 Compegit
598 2943 738 2996 remotas,
762 2924 873 3005 quibus
885 2923 988 2987 miselli

424 3012 481 3072 Vel
498 3011 608 3073 collum
621 3009 764 3092 implicet,
787 3025 840 3072 aut
856 3012 945 3095 pedes
959 3027 1085 3079 catenet.

424 3094 547 3180 ignarus
562 3094 661 3180 laquei
677 3095 789 3160 sciurus
802 3099 868 3174 atri,

425 3187 601 3248 Praedatum
613 3187 766 3270 egreditur
777 3206 869 3270 vagus
885 3209 936 3270 per
951 3187 1072 3253 umbras

425 3275 563 3354 Ornatas,
584 3274 713 3355 coryleta
727 3295 789 3358 qua
803 3273 949 3340 virescunt

426 3360 467 3422 Et
481 3357 597 3423 lrnslus
608 3378 748 3446 reparant
762 3359 828 3424 suos
839 3361 968 3428 abunde.
983 3359 984 3364 ’

426 3448 489 3512 Nec
500 3451 664 3531 quicquam
679 3450 783 3512 timet:
807 3449 925 3513 interim
939 3450 1102 3536 impeditus

427 3540 468 3600 Et
483 3535 611 3598 multum
621 3534 721 3602 subito
735 3537 815 3600 malo
828 3553 976 3620 gravatus,

428 3621 574 3687 Persentit
589 3625 701 3706 pedicae
715 3623 827 3688 subesse
840 3624 970 3700 fraudes.

389 3745 395 3756 ·
427 3711 591 3775 Contendit
606 3710 715 3774 miseris
730 3713 826 3778 modis
841 3729 953 3777 retorta

427 3800 465 3861 Vi
481 3797 632 3861 dissolvere
645 3803 754 3873 vincla,
778 3801 819 3864 ibi
836 3799 969 3864 tumultu

427 3890 470 3950 At
484 3887 524 3949 nil
540 3886 667 3969 prolicit,
690 3885 861 3972 ardtiusque
877 3891 996 3954 tandem

427 3973 564 4038 irretitus
578 3976 608 4036 a
621 3975 773 4039 involutus
787 3996 908 4039 omnem

426 4063 535 4125 Serum
550 4060 630 4142 spem
647 4065 773 4144 projicit,
797 4062 928 4148 doloque
942 4061 1033 4130 cedit.

427 4149 619 4213 Praestrustor
632 4152 722 4225 videt,
746 4153 925 4233 advenisque
939 4152 1036 4231 latua,

428 4241 468 4299 Et
480 4239 582 4300 vinclis
596 4241 656 4299 cito
671 4239 833 4320 pradulam
846 4237 948 4305 solutis

427 4329 531 4412 Captae
544 4325 621 4390 colla
635 4327 706 4390 ferae
722 4328 828 4412 premit
843 4343 955 4392 catena.
