2942 4884
205 188 288 287 „a
471 198 475 208 ¹
517 180 831 289 arcuatur
875 181 1143 254 annuant

594 331 734 410 Domus
751 328 810 408 D.
830 329 947 412 Petri
970 335 1090 414 1280.

323 485 426 607 1.H
435 482 574 570 Ugo·de
589 483 740 558 nautam„
759 481 894 546 decimus
925 481 1092 568 Episcopus
1120 485 1254 563 Elienlis,
1282 487 1362 567 inter

199 621 206 633 .
337 572 341 578 ’
452 572 670 656 collegiorum,
686 591 756 655 qnae
771 591 854 634 nune
876 570 1024 648 visuntur,
1041 577 1220 638 Maecenates
1235 575 1363 662 signifer

320 662 536 734 nominandus,
558 676 594 722 ut
619 661 766 722 bonarum
793 660 905 722 artium
928 663 1364 746 cognitionem-promoveret,

320 748 354 813 in
368 753 426 814 hoc
434 747 500 813 tuae
514 746 658 813 Dioecefis
672 748 742 810 loco
756 749 793 810 nd
807 746 1064 832 cantabrigiensis
1080 750 1169 829 hujus
1184 751 1363 838 Academiae

321 841 538 903 incrementum
562 835 641 898 istud
661 834 831 919 Collegium
854 833 994 900 fundavit
1016 851 1065 902 anss
1091 841 1183 903 Dour.
1213 829 1309 904 1280'.
1330 841 1365 902 dc

319 947 403 990 enno
424 928 509 1010 regni
534 927 614 1009 regis
640 924 785 986 Edwardi
809 923 896 1008 primi
917 941 998 990 nono
1013 926 1044 990 ia
1060 925 1129 1008 iphs
1144 929 1306 1006 cineribus,
1330 931 1366 991 in

320 1015 435 1098 quibus
448 1012 533 1096 prius
548 1013 611 1076 duo
624 1012 822 1095 antiquissima
839 1011 1026 1076 scholarium
1041 1011 1177 1095 Hospitia
1191 1016 1312 1100 (nempe
1328 1019 1364 1082 iu

195 1132 200 1150 ·
252 1121 264 1140 ¹·
322 1104 425 1167 Platea
451 1100 743 1184 Trumpingtoneusr
765 1116 848 1163 extra
883 1116 983 1184 portas
1008 1102 1265 1185 cantabrigienses
1290 1105 1361 1185 fita)

321 1193 489 1254 extiterunt
511 1191 622 1252 intimae
644 1191 831 1272 antiquitatis
854 1205 1063 1266 monumenta,
1088 1211 1158 1272 quae
1182 1191 1262 1254 <tina
1277 1205 1367 1272 erant

321 1275 460 1361 Hospitia
473 1279 615 1342 Fratrum
629 1278 668 1340 de
684 1277 866 1339 Paenitentia
882 1277 911 1338 &
926 1275 994 1357 Jeiu
1013 1275 1121 1340 Christi
1135 1303 1144 1352 3
1168 1280 1198 1340 81
1212 1301 1278 1364 quo
1293 1299 1360 1350 ma·

317 1372 370 1451 jor
383 1368 453 1433 esset
469 1366 660 1428 Studen‘tium
685 1383 836 1437 numerus,
852 1363 1054 1428 -Reverendns
1070 1369 1156 1427 Pater
1171 1370 1290 1430 Fratres
1308 1371 1363 1438 Se·

323 1452 439 1522 coloes
454 1454 574 1517 Ordinis
589 1452 689 1516 Sancti
700 1455 822 1533 ioannis
837 1452 1032 1536 Euangelillae
1047 1454 1085 1516 ab
1102 1450 1241 1538 Hospitio
1255 1453 1311 1518 suo
1331 1458 1366 1523 in

324 1540 482 1620 judaismo
508 1542 561 1621 (stc
575 1544 654 1603 enim
668 1543 751 1603 tiens
764 1541 862 1602 adhuc
886 1543 1070 1618 nominatur,
1094 1541 1149 1604 ubi
1164 1545 1266 1620 Judaci
1289 1544 1368 1608 olim

324 1629 528 1713 Cantabrigiae
543 1628 728 1710 habitarunt)
742 1629 780 1690 ad
797 1648 908 1690 novum
925 1629 983 1692 hoc
995 1625 1082 1692 stium
1096 1631 1280 1714 Collegium,
1291 1633 1367 1716 quia

325 1738 434 1801 porum
444 1737 516 1781 cum
529 1713 660 1798 ejusdem
675 1716 734 1778 loci
749 1717 945 1798 Regularibus
958 1716 1186 1792 conveniebant,
1200 1711 1365 1782 transtulit.

186 1879 191 1884 ¹
324 1805 408 1886 illud
418 1822 519 1869 autem
532 1801 686 1888 possqtram
696 1804 736 1866 ad
748 1805 926 1866 umbilicum
945 1813 1010 1869 12⁰,
1027 1805 1169 1867 Eduardi
1183 1807 1273 1869 Primi
1282 1829 1371 1870 auno

326 1896 421 1958 Dom.
441 1898 535 1974 1284.
551 1892 673 1956 biennio
687 1907 755 1954 ante
776 1895 909 1956 mortem
924 1889 1118 1976 pe'rduxlllet‚
1143 1894 1172 1954 8r
1191 1895 1243 1973 jus
1258 1898 1367 1958 Patro·

325 1985 417 2050 natus
431 1982 469 2044 de
482 1982 661 2064 Thriplowe
681 1981 724 2046 illi
746 1979 917 2064 allagnallet,
942 1978 1075 2061 ejusdem
1102 1997 1241 2063 patronos
1266 1967 1365 2047 mitri·

326 2071 399 2146 etus,
421 2069 584 2153 Episcopos
602 2066 730 2132 Ellenles
749 2068 924 2131 constituite
959 2067 1014 2132 ubi
1037 2070 1201 2130 etiamnum
1216 2090 1255 2132 ex
1270 2071 1366 2136 veteri

325 2159 514 2224 Fundatione
536 2156 659 2242 aluntur
674 2154 837 2223 Praefectus
852 2159 940 2232 unus,
963 2154 1047 2219 Socii
1067 2177 1116 2238 14,
1140 2156 1317 2220 Biblioristae
1333 2179 1365 2234 a,

325 2243 533 2332 pauperesque
542 2245 699 2310 Scbblares
712 2245 795 2306 odio.
820 2247 923 2328 Atque
937 2237 989 2308 iste
1002 2264 1144 2310 numerus
1168 2265 1225 2328 pro
1249 2247 1366 2317 rarione

324 2331 431 2400 centu
445 2333 583 2398 annualis
596 2333 724 2417 Collegii
738 2334 906 2396 &caritate
919 2330 1098 2396 victualium
1117 2334 1219 2418 angeri
1234 2334 1366 2397 minuive

251 2458 256 2465 ·
298 2421 435 2506 potest.
480 2419 676 2484 illudentem
690 2441 745 2483 cur
761 2423 878 2484 Domus
893 2421 964 2483 Divi
975 2421 1058 2484 Petri
1072 2421 1288 2496 nominaretur,
1302 2443 1366 2486 non

325 2507 370 2574 est
395 2509 511 2572 filentio
536 2507 788 2582 transvolandum,
812 2514 920 2590 utpote
940 2528 1055 2570 nornen
1080 2511 1225 2592 acceperit
1243 2507 1282 2572 ab
1307 2512 1367 2573 Ec·
1434 2507 1438 2514 ’

324 2596 415 2668 eleba
429 2595 530 2661 sautu
544 2597 623 2659 Petri
635 2598 666 2658 in
680 2597 767 2676 cujus
781 2597 945 2661 coemiterio
961 2591 1089 2660 fundata
1103 2593 1171 2661 fuit.
1216 2599 1289 2658 Haec
1304 2593 1365 2662 Ec,

325 2683 417 2752 blefia
430 2686 506 2750 srcut
519 2702 631 2748 nemen
650 2681 738 2748 snum
763 2681 901 2762 amiserit,
924 2683 1016 2767 atque
1034 2685 1157 2768 p'topter
1178 2683 1366 2752 Orientalem

327 2789 447 2859 partem
459 2773 519 2838 five
537 2771 706 2837 Cancellam
722 2771 879 2856 pulchram
899 2771 1128 2848 exaedificatam‚
1151 2773 1180 2836 dc
1202 2775 1237 2835 B.
1252 2773 1364 2838 Matiae

327 2859 564 2946 §emper-virgini
580 2861 758 2936 dedicatam,
781 2859 978 2924 mumanae
994 2861 1142 2944 templum
1157 2858 1272 2924 tranmt
1284 2863 1366 2926 elren

333 2968 371 3033 13
377 2968 428 3032 52.
445 2951 486 3013 ita
500 2949 681 3014 consimilem
695 2946 851 3011 fortunam
865 2939 985 3011 Domus
1000 2944 1052 3012 llla
1068 2969 1105 3012 ex
1145 2961 1192 3010 rta
1213 2947 1266 3024 est,
1289 2951 1366 3033 quia

328 3039 423 3101 modo
437 3037 606 3121 Collegium
625 3039 657 3101 S.
670 3036 786 3113 Mariae,
810 3037 904 3100 modo
924 3037 1002 3121 bula
1022 3041 1058 3099 B.
1076 2969 1181 3100 addin
1195 3033 1364 3116 delicatia,

333 3124 409 3189 inde
421 3129 539 3191 Domus
554 3129 585 3190 S.
597 3124 712 3200 Maria,
728 3126 882 3210 quohda'm
900 3122 930 3188 S.
942 3124 1033 3200 Petri,
1054 3127 1084 3188 ib
1095 3125 1164 3208 ipsas
1180 3124 1367 3197 Petriulium

240 3277 248 3287 ,
329 3211 443 3298 scriptis
461 3215 589 3304 publicis
603 3215 680 3276 circa
693 3213 788 3275 annos
802 3209 864 3275 fe're'
881 3217 932 3296 30.
951 3213 1017 3300 post
1031 3211 1238 3277 fundationem
1254 3214 1366 3277 audiit.

131 3376 136 3384 Ι
330 3301 391 3364 Sed
411 3297 626 3385 ad-Hu‘gnncm
646 3301 849 3376 Fundat'orem
867 3302 1031 3366 re'd'e'am‘ns.
1077 3303 1171 3364 Dedit
1192 3303 1285 3384 liu'go
1305 3299 1380 3372 suis'

249 3407 254 3417 “
328 3387 520 3454 Petrenfilsus
541 3389 655 3455 distem
668 3389 830 3452 Ecclesram
846 3391 877 3453 S.
898 3392 979 3470 Petri
998 3391 1069 3453 turb
1085 3390 1225 3452 omuibus
1243 3385 1365 3470 juribus

117 3519 122 3530 -
230 3530 233 3533 .
329 3477 499 3542 &decimis
524 3478 562 3540 ad
581 3485 646 3539 eain
669 3471 880 3562 spellintibut'.
901 3553 906 3561 ,
929 3481 1110 3562 prremum
1128 3497 1200 3541 vero
1224 3475 1385 3560 spiritum-

330 3564 445 3628 dunens
460 3565 568 3649 legarit
583 3585 647 3650 300
674 3586 786 3628 mareas
800 3567 837 3628 'ad
854 3556 978 3647 adifieia
997 3567 1034 3630 de
1054 3572 1134 3630 norb
1150 3563 1364 3644 construenda,

329 3652 442 3733 quibus
457 3653 606 3736 quandam
622 3671 720 3716 aream
730 3675 768 3717 etr
783 3643 904 3720 australi
919 3653 1056 3720 E'eclelrae
1070 3670 1154 3741 parte
1167 3653 1364 3737 comparave-
1398 3699 1406 3728 ,ι

330 3752 413 3818 tunt,
436 3742 466 3803 &
486 3742 602 3817 'Aulam
628 3741 840 3824 perpulchram
862 3743 1073 3807 condiderunt.
1119 3741 1249 3804 Neebon‘
1272 3740 1365 3805 libros

331 3848 457 3912 quoque
470 3826 598 3892 diversos
610 3830 669 3892 illis
680 3830 819 3912 eontulit.
866 3831 956 3898 Unde
972 3831 1013 3896 ob
1029 3841 1140 3894 tantam
1156 3831 1294 3912 Hugolris
1310 3831 1364 3892 be·

331 3914 520 3988 ueficen'tiam
539 3916 699 3995 Galfredus
722 3918 761 3981 de
784 3917 986 3994 Pdelte'nhatn,
1009 3917 1217 3983 Universnarts
1237 3918 1365 3982 Cancel·
1393 3911 1402 3936 ⁴

268 4080 271 4088 1
330 4003 433 4077 larius,
465 4019 556 4088 atque
576 4026 680 4089 omnes
702 4005 838 4097 Magisti'r
859 4010 1010 4092 Regehtes
1029 4007 1149 4072 decreto
1174 4003 1229 4069 sud
1249 4006 1281 4068 ln
1299 3999 1365 4072 fre.-
1421 4009 1426 4022 “

316 4093 437 4174 'quenti
452 4094 562 4154 Senatu
583 4090 709 4176 septini'o
728 4090 853 4159 eatena
878 4087 949 4174 J'nn}
976 4104 1069 4180 1191.
1091 4093 1295 4164 cnudeileiunt
1318 4093 1365 4157 so·

326 4180 448 4242 lennem
463 4184 723 4264 congregationem
748 4185 881 4245 oninium
902 4185 1091 4267 ¹Regenrinm
1111 4183 1142 4246 in
1167 4183 1274 4247 habirit
1296 4185 1364 4244 Ma-

306 4265 309 4273 ’
327 4266 442 4353 gissarii
461 4271 625 4354 quotannis
644 4271 675 4338 in
693 4271 806 4362 vigilia
823 4267 1008 4362 'subdolum'
1023 4272 1087 4340 Vtri
1107 4268 1365 4424 81110111ῌέ11οῆ

324 4389 424 4419 ι’
570 4364 675 4406 ’·
808 4377 948 4429 μ.)
1196 4359 1364 4448 ρῶίυω
