2942 4884
217 219 908 314 manutenuerint
943 221 1007 306 lte?

97 362 213 441 nauca
229 364 415 446 antiquitatis
430 363 616 448 abinteritu
636 361 722 444 plane
740 361 920 448 vindicarit:
943 369 1124 450 rumpantur

97 453 129 514 ὑὲ
149 451 199 514 ilia
214 453 334 528 Codris,
360 453 446 514 aliter
471 452 500 514 dt
522 449 719 526 scribentibus
745 453 776 513 a
801 450 1004 517 sentientibus.
1050 458 1123 521 Non

97 543 189 602 tamen
200 537 266 602 sum
282 537 463 623 usqueadeo
476 540 573 602 malus
585 547 685 602 reruni
696 537 865 615 aeslimator,
885 556 921 604 ut
933 558 1040 626 putem
1047 545 1122 606 Gal·

95 626 238 690 lofridurn
253 639 334 690 tanta
359 629 388 691 dc
411 643 471 690 tam
486 629 601 712 integra
622 625 683 691 tide
708 625 740 689 in
761 624 915 692 scribenda
936 625 1057 694 historia
1070 628 1120 694 su⁴

94 702 149 790 ilie,
174 733 210 778 ut
225 736 379 799 nunquam
396 711 414 778 i
430 722 502 779 vetti
523 716 620 778 latum
641 715 777 780 culinum
792 717 951 780 erraverita
972 737 1043 782 cum
1058 737 1120 782 rna·

93 800 192 866 niseste
205 804 330 886 liqueat,
355 805 466 867 incerta
484 815 538 884 pro
559 801 654 877 celtis,
678 817 753 866 vana
768 821 823 886 pro
847 797 921 868 veria
943 805 982 870 ab
996 805 1050 870 illo
1063 805 1120 870 effe

93 891 247 974 aliquoties
261 888 378 975 scripta.
423 896 464 954 Et
478 894 557 975 quia,
580 887 703 954 obsecro
729 907 758 954 te
772 891 900 956 candide
914 893 1019 971 tenor,
1042 895 1120 958 inter

93 972 247 1042 historicos
267 981 297 1040 in
321 981 427 1043 eodem
452 980 527 1059 luto,
542 1001 603 1045 non
623 977 731 1042 haesrt?
762 976 950 1044 Gallosridua
972 983 1119 1046 tamenin

91 1067 190 1148 primis
205 1069 324 1130 veniam
340 1078 479 1144 meretur,
503 1069 557 1151 qui
572 1071 700 1150 ingenue
708 1066 829 1140 fatetur,
851 1065 880 1130 se
895 1079 1011 1133 tautum
1024 1069 1118 1134 inter*

91 1151 496 1237 pretisusumsuilseofficiO,
522 1154 621 1231 idest,
644 1153 798 1218 historiam
813 1155 1026 1234 Britannicam,
1050 1159 1117 1222 Bri·-
1188 1216 1191 1222 .

92 1244 206 1304 tannice
227 1239 377 1326 scriptam,
398 1255 412 1292 ²
428 1242 590 1307 Latinitate
612 1234 770 1309 donavisse.
802 1241 891 1307 bSed
910 1245 1031 1309 Codrus
1043 1247 1117 1310 Gal³

90 1328 310 1407 fredo-mastix,
333 1343 395 1394 non
408 1332 512 1395 videns
527 1333 699 1409 manticam,
718 1341 788 1416 qua
802 1330 890 1396 sillia
911 1343 996 1419 tergo
1009 1334 1119 1418 depen²

89 1409 148 1494 det,
174 1412 227 1480 ista
241 1415 329 1481 surda
341 1433 413 1482 aute
428 1413 600 1504 praeteribit.

129 1503 242 1568 Forsan
257 1506 364 1590 aliquis
378 1508 502 1582 dixerit,
523 1508 592 1590 quis
607 1505 656 1571 hic
669 1505 710 1570 est
732 1506 850 1571 Codrus
862 1510 874 1570 i
898 1509 979 1572 Huic
992 1529 1049 1592 ego
1062 1507 1124 1572 ho*-

89 1595 203 1658 tninem
218 1595 383 1678 depingere
404 1605 466 1682 non
486 1595 645 1678 gravabor.
684 1589 736 1656 Est
763 1595 935 1680 peregrinus
961 1597 991 1658 81
1012 1593 1118 1680 hospea

89 1679 234 1764 gloriosus
246 1681 333 1746 fimul
348 1691 382 1744 ac
391 1679 533 1768 curiosus,
549 1693 584 1744 ut
599 1683 652 1766 qui
665 1683 716 1746 sua
727 1683 830 1764 jaciet,
840 1683 939 1762 nostra
946 1699 1051 1748 autem
1062 1705 1118 1748 au*

89 1769 147 1831 dita
158 1771 261 1852 potius
276 1791 368 1853 quam
379 1769 527 1833 intellesta
542 1792 598 1854 pro
612 1772 739 1834 arbitrio
754 1771 871 1837 tractet.
916 1775 982 1836 Nec
994 1773 1116 1836 allono·

89 1858 165 1920 mine
178 1859 329 1920 Britannia
344 1879 400 1941 pro
423 1860 549 1941 imperio
569 1857 700 1935 insultat,
724 1862 816 1942 quain
835 1859 931 1943 quod,
954 1859 1051 1922 nescio
1064 1881 1118 1924 cu*

85 1945 131 2024 jus
146 1955 160 1993 t
176 1947 335 2030 Pyragorae
355 1942 465 2030 dogma
484 1943 614 2018 secutus,
637 1963 720 2011 certo
741 1938 796 2010 fibi
822 1945 973 2030 persuasit,
997 1947 1120 2014 facundi

91 2034 243 2098 Ciceronis
269 2034 410 2104 animam,
434 2032 497 2117 post
524 2049 569 2098 tot
594 2031 702 2110 secula,
725 2031 759 2096 ln
783 2033 868 2096 suum
891 2033 1000 2099 seilicet
1015 2035 1119 2117 pestus

94 2121 173 2183 tedia
189 2117 333 2206 migrasse,
357 2134 448 2206 atque
464 2123 521 2186 hoc
539 2141 661 2186 munere
676 2143 801 2184 aureum
815 2123 890 2184 illud
907 2127 1046 2186 torrentis
1059 2122 1119 2186 elo·

1174 326 1185 352 ,
1222 247 1251 330 Ξ

90 2211 222 2291 quentiae
245 2211 358 2274 flumen
372 2213 414 2272 ita
436 2211 611 2286 assecutum,
635 2227 668 2272 ut
683 2197 734 2272 illa
756 2207 852 2272 fretus
875 2226 914 2273 ex
938 2208 1118 2274 muscisele-
1144 2291 1149 2301 1
1172 2276 1176 2285 ,
1226 2255 1233 2273 .

11 2363 12 2378 p
87 2298 228 2378 phantos‚
245 2294 346 2366 rursus
360 2319 398 2360 ex
409 2295 576 2381 elephantis
591 2295 702 2361 m'uscns
717 2296 803 2362 facile
817 2295 917 2360 saciat.
950 2301 1057 2382 Itaque
1067 2301 1120 2380 ju·

11 2387 13 2406 ¹
88 2384 167 2448 venis
184 2385 316 2450 carmina
328 2383 514 2469 scriptitavit,
530 2385 579 2450 sed
591 2395 659 2468 quae
675 2383 785 2468 pallea,
807 2385 926 2448 furente
938 2385 1003 2462 illo,
1020 2390 1120 2450 omnia

86 2473 116 2534 iu
135 2471 307 2558 spongiam,
331 2473 369 2536 ad
393 2474 566 2558 eriemplum
581 2469 690 2556 AjaciS,
715 2473 889 2537 incubuere.
933 2477 1119 2560 Qanquani

87 2562 173 2643 quod
188 2559 289 2641 versus
306 2576 413 2643 parum
437 2562 550 2626 dextria
571 2562 666 2624 Musis
681 2563 711 2624 a
725 2561 864 2643 Apolline
879 2559 1032 2645 scripserit,
1057 2578 1118 2627 non

85 2649 218 2711 multum
246 2646 264 2712 a
288 2653 432 2714 Cicerone
447 2651 669 2734 degenerauit.¹
696 2651 781 2712 Turn
803 2669 874 2711 vero
898 2670 973 2712 cum
991 2651 1116 2726 videret,

85 2747 145 2798 non
163 2736 242 2800 belle
253 2737 308 2801 srbi
321 2753 391 2808 ,cnm
408 2738 501 2800 Musis
513 2741 679 2814 convenire,
706 2737 832 2800 contulit
847 2734 875 2799 se
893 2738 932 2798 ad
948 2738 1118 2802 liberiorem

85 2819 378 2908 dicendi'campum,
403 2826 508 2888 nasius
523 2827 688 2899 materiam,
712 2829 743 2887 in
766 2845 827 2910 qua
844 2824 1019 2901 ostenderet,
1042 2828 1119 2910 quid
1138 2868 1148 2880 ·
1194 2881 1197 2891 ,

86 2913 181 2994 pollet
198 2911 339 2976 facundia
354 2914 403 2976 illa
419 2915 540 2996 quidem
556 2921 567 2956 ἀ
584 2915 785 2977 Ciceroniana.
832 2915 891 2976 Sed
906 2916 1022 2977 circiter
1036 2917 1118 2979 idem

86 3011 204 3084 tempus
229 3002 260 3064 in
284 3003 408 3064 eandem
431 3001 575 3064 inciderat
594 2999 756 3065 materiam
781 3001 908 3085 quidam
933 3009 946 3038 ‘
972 3001 1118 3068 barbarus

84 3087 225 3162 Batavus,
250 3111 345 3172 quem
356 3091 465 3174 vulgus
480 3087 640 3151 sexcenties
653 3091 785 3173 praetulit
798 3089 901 3151 Codro
915 3088 1005 3152 Italo.
1030 3093 1118 3153 Hanc

83 3189 163 3260 egre
186 3178 257 3241 tulit
272 3199 346 3252 rem,
371 3177 600 3240 &causabatur
625 3179 766 3258 injuriam
791 3191 893 3258 aperte
917 3175 974 3239 fibi
995 3173 1118 3255 faciam,

83 3266 170 3348 quod
186 3266 338 3330 Barbarus
355 3285 405 3348 per
416 3259 522 3328 dolum
536 3266 674 3347 gloriam,
698 3285 790 3349 quam
801 3266 870 3344 jure
891 3264 1009 3346 optimo
1028 3266 1118 3328 meri·

83 3358 132 3416 tus
143 3347 256 3428 fuerat,
267 3354 505 3436 praeoccupasset.
533 3352 697 3429 Postremo,
715 3375 753 3415 ne
764 3356 898 3416 animum
913 3348 1118 3436 ‘despondere

83 3431 246 3515 videretur,
270 3439 313 3516 &j
335 3443 388 3505 illo
406 3458 558 3526 pereunte,
574 3463 636 3504 una
658 3443 765 3525 periret
780 3441 1115 3524 Romanaelinguaeele·

82 3531 194 3612 gantia,
218 3527 374 3592 hilloriam
390 3532 493 3610 majori
509 3529 690 3592 confidentia
711 3549 802 3612 quam
821 3545 920 3590 rerum
942 3531 1115 3613 cognitione

82 3633 135 3679 aut
149 3617 277 3696 lesiione
296 3619 446 3680 inchoavit
462 3617 491 3682 8<
506 3616 744 3691 consummavlt;
768 3619 809 3679 ita
833 3626 945 3692 tamen,
959 3632 1005 3678 'ut
1026 3618 1115 3680 editi·

82 3725 173 3768 onem
197 3725 258 3766 non
285 3706 376 3768 modo
394 3708 424 3768 in
452 3725 578 3780 nonum,
602 3726 641 3770 ex
664 3701 780 3769 Horatii
806 3720 967 3788 praecepto,
990 3724 1117 3783 annum,

11 3877 13 3896 Ι
81 3791 180 3870 sedin
196 3793 383 3876 trigesimum
399 3789 502 3877 usque,
526 3793 627 3856 eriis
642 3796 749 3876 placet,
774 3792 931 3876 premeret.
995 3854 997 3857 ,

90 3996 93 4001 ,
117 3936 132 3972 ²
148 3943 212 3992 Mor
222 3939 271 4007 post
280 3940 337 3990 lant
349 3948 428 3991 vocem*
435 3943 495 3990 inter
507 3939 586 4002 lineas,
604 3941 628 3990 8(
640 3941 654 3992 al
668 3939 785 3992 Gualtero
797 3943 883 4005 lliapo,
901 3939 1029 3992 rnacorum
1040 3941 1119 3993 archi·

79 4005 193 4066 diacono,
211 4005 317 4056 oblatam
328 4005 379 4067 fibi,
389 4008 514 4073 scripserat
526 4005 648 4066 Lelandus,
665 4024 709 4074 pua
721 4015 797 4056 tamen
805 4008 882 4073 postea
895 4008 1038 4074 propriafira
1048 4025 1117 4057 manu

80 4075 203 4138 expunxit.
239 4074 252 4112 b
266 4074 319 4122 Hac
330 4074 401 4120 omnia
412 4075 477 4139 usque
488 4072 517 4120 ecl
525 4069 676 4136 summopere
685 4072 842 4122 delectabatur
853 4071 955 4121 lettione
964 4075 1119 4137 antiquarum

81 4145 175 4196 rerum,
219 4137 344 4202 animeque
361 4141 409 4188 dre.
427 4137 505 4201 versus
512 4137 583 4201 finem
596 4135 771 4203 Dss'rrlulionir,
787 4137 872 4187 deleuit
882 4139 970 4203 puidam
981 4143 994 4186 l
1006 4139 1117 4202 Polydori,

79 4201 222 4269 etsuspicnr,
240 4203 325 4262 amicis,
342 4203 399 4316 isprre
406 4201 506 4268 sorfitan
518 4203 711 4270 cantabrigienfit.
779 4204 850 4253 cSic.
886 4203 900 4243 d
920 4203 1116 4252 Ciceronianis.

82 4271 96 4301 ⁶
109 4271 159 4328 bic,
172 4285 220 4317 curn
234 4271 248 4316 b
261 4267 356 4336 minusca
367 4288 390 4330 a,
408 4279 434 4320 tre
447 4268 478 4334 fit
490 4266 650 4334 Adjeiiioum3
669 4285 720 4320 nter
739 4267 804 4336 infra
815 4284 872 4319 vtro
882 4283 933 4318 eam
951 4267 1117 4336 B¹majusrnlm

79 4341 106 4388 tt
116 4333 153 4400 fit
165 4335 378 4403 uomenpropriam.
447 4337 460 4378 f
473 4333 592 4399 Spondere
603 4335 665 4386 MS.

480 4403 532 4496 ,A
554 4419 572 4466 α
1057 4393 1118 4504 Sed

509 4571 524 4604 l
