<?xml version="1.0" encoding="UTF-8"?>
<!DOCTYPE html PUBLIC "-//W3C//DTD XHTML 1.0 Transitional//EN"
    "http://www.w3.org/TR/xhtml1/DTD/xhtml1-transitional.dtd">
<html xmlns="http://www.w3.org/1999/xhtml" xml:lang="en" lang="en">
 <head>
  <title>
</title>
<meta http-equiv="Content-Type" content="text/html;charset=utf-8" />
  <meta name='ocr-system' content='tesseract 3.04.00' />
  <meta name='ocr-capabilities' content='ocr_page ocr_carea ocr_par ocr_line ocrx_word'/>
</head>
<body>
  <div class='ocr_page' id='page_1' title='image "./joannislelandia15lelagoog_0154.png"; bbox 0 0 2942 4884; ppageno 0'>
   <div class='ocr_carea' id='block_1_1' title="bbox 146 203 1200 303">
    <p class='ocr_par' dir='ltr' id='par_1_1' title="bbox 146 203 1200 303">
     <span class='ocr_line' id='line_1_1' title="bbox 146 203 1200 303; baseline 0.01 -29"><span class='ocrx_word' id='word_1_1' title='bbox 146 265 150 274; x_wconf 88' lang='lat'>.</span> <span class='ocrx_word' id='word_1_2' title='bbox 232 221 294 302; x_wconf 55' lang='grc' dir='ltr'>ιιι</span> <span class='ocrx_word' id='word_1_3' title='bbox 413 270 419 280; x_wconf 80' lang='grc'><em>,</em></span> <span class='ocrx_word' id='word_1_4' title='bbox 501 203 1200 303; x_wconf 57' lang='grc' dir='ltr'>ιιιιιιιιιιιιιιιτιαιιιιιι.</span> 
     </span>
    </p>
   </div>
   <div class='ocr_carea' id='block_1_2' title="bbox 189 370 1086 462">
    <p class='ocr_par' dir='ltr' id='par_1_2' title="bbox 189 370 1086 462">
     <span class='ocr_line' id='line_1_2' title="bbox 189 370 1086 462; baseline 0.009 -28"><span class='ocrx_word' id='word_1_5' title='bbox 189 379 301 447; x_wconf 53' lang='lat' dir='ltr'>ragau.</span> <span class='ocrx_word' id='word_1_6' title='bbox 643 370 694 438; x_wconf 85' lang='lat' dir='ltr'>Ad</span> <span class='ocrx_word' id='word_1_7' title='bbox 704 371 887 438; x_wconf 69' lang='lat' dir='ltr'>nonant</span> <span class='ocrx_word' id='word_1_8' title='bbox 853 371 1086 462; x_wconf 68' lang='lat' dir='ltr'>lidringtottuot.</span> 
     </span>
    </p>
   </div>
   <div class='ocr_carea' id='block_1_3' title="bbox 235 486 1087 1798">
    <p class='ocr_par' dir='ltr' id='par_1_3' title="bbox 401 486 1075 659">
     <span class='ocr_line' id='line_1_3' title="bbox 401 486 1075 619; baseline -0.009 -61"><span class='ocrx_word' id='word_1_9' title='bbox 401 490 495 619; x_wconf 77' lang='lat' dir='ltr'>TE</span> <span class='ocrx_word' id='word_1_10' title='bbox 514 507 595 555; x_wconf 83' lang='lat' dir='ltr'>nunc</span> <span class='ocrx_word' id='word_1_11' title='bbox 610 507 663 572; x_wconf 85' lang='lat' dir='ltr'>per</span> <span class='ocrx_word' id='word_1_12' title='bbox 677 487 813 552; x_wconf 79' lang='lat' dir='ltr'>Charites</span> <span class='ocrx_word' id='word_1_13' title='bbox 827 505 904 570; x_wconf 86' lang='lat' dir='ltr'>rogo</span> <span class='ocrx_word' id='word_1_14' title='bbox 917 486 1075 574; x_wconf 76' lang='lat' dir='ltr'>benignae,</span> 
     </span>
     <span class='ocr_line' id='line_1_4' title="bbox 483 572 1028 659; baseline 0.004 -19"><span class='ocrx_word' id='word_1_15' title='bbox 483 581 523 640; x_wconf 87' lang='lat' dir='ltr'>Et</span> <span class='ocrx_word' id='word_1_16' title='bbox 538 592 568 640; x_wconf 87' lang='lat' dir='ltr'>te</span> <span class='ocrx_word' id='word_1_17' title='bbox 583 597 635 659; x_wconf 86' lang='lat' dir='ltr'>per</span> <span class='ocrx_word' id='word_1_18' title='bbox 647 572 751 638; x_wconf 79' lang='lat' dir='ltr'>faciles</span> <span class='ocrx_word' id='word_1_19' title='bbox 765 593 842 658; x_wconf 79' lang='lat' dir='ltr'>rogo</span> <span class='ocrx_word' id='word_1_20' title='bbox 857 576 1028 656; x_wconf 82' lang='lat' dir='ltr'>camoenas,</span> 
     </span>
    </p>

    <p class='ocr_par' dir='ltr' id='par_1_4' title="bbox 304 660 1008 1012">
     <span class='ocr_line' id='line_1_5' title="bbox 304 660 944 750; baseline 0 -24"><span class='ocrx_word' id='word_1_21' title='bbox 304 733 311 748; x_wconf 41' lang='grc' dir='ltr'><em>Ι</em></span> <span class='ocrx_word' id='word_1_22' title='bbox 460 660 662 750; x_wconf 81' lang='lat' dir='ltr'>perCailaiiae</span> <span class='ocrx_word' id='word_1_23' title='bbox 680 661 789 726; x_wconf 89' lang='lat' dir='ltr'>ducem</span> <span class='ocrx_word' id='word_1_24' title='bbox 805 677 944 741; x_wconf 81' lang='lat' dir='ltr'>catervae,</span> 
     </span>
     <span class='ocr_line' id='line_1_6' title="bbox 397 661 1026 835; baseline 0.007 -21.007"><span class='ocrx_word' id='word_1_25' title='bbox 397 661 513 814; x_wconf 82' lang='lat' dir='ltr'>Etper</span> <span class='ocrx_word' id='word_1_26' title='bbox 455 772 567 818; x_wconf 87' lang='lat' dir='ltr'>numen</span> <span class='ocrx_word' id='word_1_27' title='bbox 578 771 654 835; x_wconf 84' lang='lat' dir='ltr'>rogo</span> <span class='ocrx_word' id='word_1_28' title='bbox 668 745 849 833; x_wconf 75' lang='lat' dir='ltr'>perfuerunt</span> <span class='ocrx_word' id='word_1_29' title='bbox 864 709 1026 829; x_wconf 71' lang='lat' dir='ltr'>Mindt&#39;vae</span> 
     </span>
     <span class='ocr_line' id='line_1_7' title="bbox 398 836 988 925; baseline -0.002 -22"><span class='ocrx_word' id='word_1_30' title='bbox 398 837 562 925; x_wconf 81' lang='lat' dir='ltr'>Qaesope</span> <span class='ocrx_word' id='word_1_31' title='bbox 563 837 723 920; x_wconf 86' lang='lat' dir='ltr'>rGenium</span> <span class='ocrx_word' id='word_1_32' title='bbox 738 853 835 914; x_wconf 87' lang='lat' dir='ltr'>tuum,</span> <span class='ocrx_word' id='word_1_33' title='bbox 850 836 988 902; x_wconf 82' lang='lat' dir='ltr'>venustas</span> 
     </span>
     <span class='ocr_line' id='line_1_8' title="bbox 399 861 976 1012; baseline 0 -22"><span class='ocrx_word' id='word_1_34' title='bbox 399 928 440 990; x_wconf 86' lang='lat' dir='ltr'>Et</span> <span class='ocrx_word' id='word_1_35' title='bbox 455 949 506 1012; x_wconf 86' lang='lat' dir='ltr'>per</span> <span class='ocrx_word' id='word_1_36' title='bbox 520 861 664 990; x_wconf 86' lang='lat' dir='ltr'>litterulas</span> <span class='ocrx_word' id='word_1_37' title='bbox 679 938 744 988; x_wconf 85' lang='lat' dir='ltr'>tuas</span> <span class='ocrx_word' id='word_1_38' title='bbox 758 883 882 1010; x_wconf 89' lang='lat' dir='ltr'>quidem</span> <span class='ocrx_word' id='word_1_39' title='bbox 898 925 976 1005; x_wconf 85' lang='lat' dir='ltr'>illas,</span> 
     </span>
    </p>

    <p class='ocr_par' dir='ltr' id='par_1_5' title="bbox 398 1012 1039 1363">
     <span class='ocr_line' id='line_1_9' title="bbox 399 1012 944 1097; baseline 0.002 -20"><span class='ocrx_word' id='word_1_40' title='bbox 399 1017 444 1077; x_wconf 91' lang='lat' dir='ltr'>Ut</span> <span class='ocrx_word' id='word_1_41' title='bbox 457 1033 565 1078; x_wconf 87' lang='lat' dir='ltr'>munus</span> <span class='ocrx_word' id='word_1_42' title='bbox 578 1012 670 1078; x_wconf 86' lang='lat' dir='ltr'>solide</span> <span class='ocrx_word' id='word_1_43' title='bbox 683 1034 787 1078; x_wconf 88' lang='lat' dir='ltr'>meum</span> <span class='ocrx_word' id='word_1_44' title='bbox 802 1034 944 1097; x_wconf 83' lang='lat' dir='ltr'>perornes</span> 
     </span>
     <span class='ocr_line' id='line_1_10' title="bbox 398 1097 959 1167; baseline 0.002 -2"><span class='ocrx_word' id='word_1_45' title='bbox 398 1101 507 1167; x_wconf 83' lang='lat' dir='ltr'>Verbis</span> <span class='ocrx_word' id='word_1_46' title='bbox 522 1124 557 1167; x_wconf 89' lang='lat' dir='ltr'>ac</span> <span class='ocrx_word' id='word_1_47' title='bbox 570 1099 709 1167; x_wconf 84' lang='lat' dir='ltr'>stimulis</span> <span class='ocrx_word' id='word_1_48' title='bbox 711 1102 796 1165; x_wconf 79' lang='lat' dir='ltr'>novis</span> <span class='ocrx_word' id='word_1_49' title='bbox 810 1097 959 1166; x_wconf 86' lang='lat' dir='ltr'>subinde:</span> 
     </span>
     <span class='ocr_line' id='line_1_11' title="bbox 402 1187 977 1274; baseline 0.004 -22"><span class='ocrx_word' id='word_1_50' title='bbox 402 1190 434 1252; x_wconf 82' lang='lat' dir='ltr'>si</span> <span class='ocrx_word' id='word_1_51' title='bbox 449 1205 558 1274; x_wconf 89' lang='lat' dir='ltr'>torpet,</span> <span class='ocrx_word' id='word_1_52' title='bbox 580 1197 699 1266; x_wconf 76' lang='lat' dir='ltr'>memor</span> <span class='ocrx_word' id='word_1_53' title='bbox 710 1187 823 1254; x_wconf 80' lang='lat' dir='ltr'>excites</span> <span class='ocrx_word' id='word_1_54' title='bbox 838 1191 977 1256; x_wconf 86' lang='lat' dir='ltr'>Roaeum.</span> 
     </span>
     <span class='ocr_line' id='line_1_12' title="bbox 399 1273 1039 1363; baseline -0.002 -22"><span class='ocrx_word' id='word_1_55' title='bbox 399 1282 503 1363; x_wconf 80' lang='lat' dir='ltr'>Qatn</span> <span class='ocrx_word' id='word_1_56' title='bbox 519 1296 552 1341; x_wconf 90' lang='lat' dir='ltr'>tu</span> <span class='ocrx_word' id='word_1_57' title='bbox 568 1277 605 1340; x_wconf 86' lang='lat' dir='ltr'>fis</span> <span class='ocrx_word' id='word_1_58' title='bbox 620 1278 732 1361; x_wconf 86' lang='lat' dir='ltr'>probus</span> <span class='ocrx_word' id='word_1_59' title='bbox 746 1275 864 1351; x_wconf 84' lang='lat' dir='ltr'>artifex,</span> <span class='ocrx_word' id='word_1_60' title='bbox 888 1273 1039 1360; x_wconf 78' lang='lat' dir='ltr'>nmulque</span> 
     </span>
    </p>

    <p class='ocr_par' dir='ltr' id='par_1_6' title="bbox 263 1363 977 1449">
     <span class='ocr_line' id='line_1_13' title="bbox 263 1363 977 1449; baseline -0.006 -19"><span class='ocrx_word' id='word_1_61' title='bbox 263 1415 274 1425; x_wconf 44' lang='lat'>1-</span> <span class='ocrx_word' id='word_1_62' title='bbox 336 1415 342 1422; x_wconf 85' lang='lat'>.</span> <span class='ocrx_word' id='word_1_63' title='bbox 400 1367 483 1430; x_wconf 84' lang='lat' dir='ltr'>Novi</span> <span class='ocrx_word' id='word_1_64' title='bbox 496 1385 588 1449; x_wconf 87' lang='lat' dir='ltr'>quarn</span> <span class='ocrx_word' id='word_1_65' title='bbox 599 1367 757 1429; x_wconf 85' lang='lat' dir='ltr'>vehemens</span> <span class='ocrx_word' id='word_1_66' title='bbox 772 1363 825 1430; x_wconf 86' lang='lat' dir='ltr'>stes</span> <span class='ocrx_word' id='word_1_67' title='bbox 840 1363 977 1428; x_wconf 83' lang='lat' dir='ltr'>Pericles.</span> 
     </span>
    </p>

    <p class='ocr_par' dir='ltr' id='par_1_7' title="bbox 235 1448 935 1710">
     <span class='ocr_line' id='line_1_14' title="bbox 235 1448 904 1537; baseline 0 -21"><span class='ocrx_word' id='word_1_68' title='bbox 235 1448 240 1459; x_wconf 85' lang='grc'><strong>’</strong></span> <span class='ocrx_word' id='word_1_69' title='bbox 300 1467 304 1472; x_wconf 78' lang='grc'><em>“</em></span> <span class='ocrx_word' id='word_1_70' title='bbox 402 1455 573 1517; x_wconf 82' lang='lat' dir='ltr'>Extendas</span> <span class='ocrx_word' id='word_1_71' title='bbox 567 1455 659 1537; x_wconf 78' lang='lat' dir='ltr'>igitur</span> <span class='ocrx_word' id='word_1_72' title='bbox 671 1453 757 1516; x_wconf 83' lang='lat' dir='ltr'>velim</span> <span class='ocrx_word' id='word_1_73' title='bbox 774 1450 904 1516; x_wconf 80' lang='lat' dir='ltr'>valentes</span> 
     </span>
     <span class='ocr_line' id='line_1_15' title="bbox 402 1537 860 1625; baseline -0.004 -20"><span class='ocrx_word' id='word_1_74' title='bbox 402 1543 520 1605; x_wconf 82' lang='lat' dir='ltr'>Nervos</span> <span class='ocrx_word' id='word_1_75' title='bbox 533 1542 645 1625; x_wconf 85' lang='lat' dir='ltr'>ingenii</span> <span class='ocrx_word' id='word_1_76' title='bbox 660 1543 704 1603; x_wconf 89' lang='lat' dir='ltr'>tui</span> <span class='ocrx_word' id='word_1_77' title='bbox 717 1537 860 1623; x_wconf 83' lang='lat' dir='ltr'>expediti.¹</span> 
     </span>
     <span class='ocr_line' id='line_1_16' title="bbox 374 1627 935 1710; baseline 0 -20"><span class='ocrx_word' id='word_1_78' title='bbox 374 1659 380 1668; x_wconf 78' lang='lat'><em>·</em></span> <span class='ocrx_word' id='word_1_79' title='bbox 405 1629 455 1692; x_wconf 89' lang='lat' dir='ltr'>Sic</span> <span class='ocrx_word' id='word_1_80' title='bbox 468 1627 558 1692; x_wconf 83' lang='lat' dir='ltr'>stabit</span> <span class='ocrx_word' id='word_1_81' title='bbox 570 1648 635 1692; x_wconf 87' lang='lat' dir='ltr'>mea</span> <span class='ocrx_word' id='word_1_82' title='bbox 646 1628 746 1698; x_wconf 57' lang='lat' dir='ltr'>cunila,</span> <span class='ocrx_word' id='word_1_83' title='bbox 757 1643 786 1692; x_wconf 84' lang='lat' dir='ltr'>te</span> <span class='ocrx_word' id='word_1_84' title='bbox 797 1643 935 1710; x_wconf 85' lang='lat' dir='ltr'>patrono,</span> 
     </span>
    </p>

    <p class='ocr_par' dir='ltr' id='par_1_8' title="bbox 403 1713 1087 1798">
     <span class='ocr_line' id='line_1_17' title="bbox 403 1713 1087 1798; baseline -0.003 -19"><span class='ocrx_word' id='word_1_85' title='bbox 403 1715 454 1781; x_wconf 85' lang='lat' dir='ltr'>Tu</span> <span class='ocrx_word' id='word_1_86' title='bbox 468 1716 587 1782; x_wconf 87' lang='lat' dir='ltr'>laudem</span> <span class='ocrx_word' id='word_1_87' title='bbox 601 1713 693 1779; x_wconf 90' lang='lat' dir='ltr'>officii</span> <span class='ocrx_word' id='word_1_88' title='bbox 705 1713 782 1779; x_wconf 84' lang='lat' dir='ltr'>feres</span> <span class='ocrx_word' id='word_1_89' title='bbox 796 1733 968 1798; x_wconf 86' lang='lat' dir='ltr'>perennem·</span> <span class='ocrx_word' id='word_1_90' title='bbox 1084 1759 1087 1768; x_wconf 72' lang='grc'>.</span> 
     </span>
    </p>
   </div>
   <div class='ocr_carea' id='block_1_4' title="bbox 484 1831 1269 1919">
    <p class='ocr_par' dir='ltr' id='par_1_9' title="bbox 484 1831 1269 1919">
     <span class='ocr_line' id='line_1_18' title="bbox 484 1831 1269 1919; baseline 0.009 -23"><span class='ocrx_word' id='word_1_91' title='bbox 484 1834 707 1918; x_wconf 79' lang='lat' dir='ltr'>Iajron&#39;tispicio</span> <span class='ocrx_word' id='word_1_92' title='bbox 720 1832 816 1911; x_wconf 81' lang='lat' dir='ltr'><em>libelli,</em></span> <span class='ocrx_word' id='word_1_93' title='bbox 838 1855 884 1898; x_wconf 84' lang='lat' dir='ltr'>cut</span> <span class='ocrx_word' id='word_1_94' title='bbox 879 1831 1006 1896; x_wconf 82' lang='lat' dir='ltr'>titulus</span> <span class='ocrx_word' id='word_1_95' title='bbox 1020 1832 1269 1919; x_wconf 50' lang='lat' dir='ltr'>Antiphilam&amp;</span> 
     </span>
    </p>
   </div>
   <div class='ocr_carea' id='block_1_5' title="bbox 373 1949 1117 2656">
    <p class='ocr_par' dir='ltr' id='par_1_10' title="bbox 373 1949 961 2082">
     <span class='ocr_line' id='line_1_19' title="bbox 373 1949 961 2082; baseline -0.005 -60"><span class='ocrx_word' id='word_1_96' title='bbox 373 2008 382 2022; x_wconf 84' lang='grc'><strong>.</strong></span> <span class='ocrx_word' id='word_1_97' title='bbox 406 1955 517 2082; x_wconf 88' lang='lat' dir='ltr'>ME</span> <span class='ocrx_word' id='word_1_98' title='bbox 528 1949 610 2039; x_wconf 80' lang='lat' dir='ltr'>julltt</span> <span class='ocrx_word' id='word_1_99' title='bbox 626 1961 716 2063; x_wconf 75' lang='lat' dir='ltr'>pictas</span> <span class='ocrx_word' id='word_1_100' title='bbox 731 1978 875 2042; x_wconf 87' lang='lat' dir='ltr'>amorque</span> <span class='ocrx_word' id='word_1_101' title='bbox 888 1959 961 2032; x_wconf 84' lang='lat' dir='ltr'>veri,</span> 
     </span>
    </p>

    <p class='ocr_par' dir='ltr' id='par_1_11' title="bbox 409 2043 1117 2393">
     <span class='ocr_line' id='line_1_20' title="bbox 508 2043 1117 2131; baseline 0.002 -22.032"><span class='ocrx_word' id='word_1_102' title='bbox 508 2046 594 2124; x_wconf 85' lang='lat' dir='ltr'>Juffit</span> <span class='ocrx_word' id='word_1_103' title='bbox 607 2047 733 2131; x_wconf 84' lang='lat' dir='ltr'>relligio,</span> <span class='ocrx_word' id='word_1_104' title='bbox 756 2043 888 2130; x_wconf 88' lang='lat' dir='ltr'>fidesque</span> <span class='ocrx_word' id='word_1_105' title='bbox 904 2065 988 2126; x_wconf 83' lang='lat' dir='ltr'>pura,</span> <span class='ocrx_word' id='word_1_106' title='bbox 1112 2049 1117 2056; x_wconf 82' lang='grc'><strong>’</strong></span> 
     </span>
     <span class='ocr_line' id='line_1_21' title="bbox 410 2068 1043 2220; baseline 0.003 -25"><span class='ocrx_word' id='word_1_107' title='bbox 410 2131 547 2196; x_wconf 83' lang='lat' dir='ltr'>christus</span> <span class='ocrx_word' id='word_1_108' title='bbox 560 2134 690 2220; x_wconf 89' lang='lat' dir='ltr'>denique</span> <span class='ocrx_word' id='word_1_109' title='bbox 662 2068 784 2220; x_wconf 44' lang='lat' dir='ltr'>&#39;gljdffit</span> <span class='ocrx_word' id='word_1_110' title='bbox 797 2131 868 2218; x_wconf 88' lang='lat' dir='ltr'>ipsc,</span> <span class='ocrx_word' id='word_1_111' title='bbox 891 2131 993 2198; x_wconf 74' lang='lat' dir='ltr'>striclo</span> <span class='ocrx_word' id='word_1_112' title='bbox 1008 2145 1043 2197; x_wconf 87' lang='lat' dir='ltr'>ut</span> 
     </span>
     <span class='ocr_line' id='line_1_22' title="bbox 409 2219 956 2306; baseline 0.002 -23"><span class='ocrx_word' id='word_1_113' title='bbox 409 2220 537 2285; x_wconf 80' lang='lat' dir='ltr'>Divirn</span> <span class='ocrx_word' id='word_1_114' title='bbox 529 2237 702 2306; x_wconf 86' lang='lat' dir='ltr'>tmpeterem</span> <span class='ocrx_word' id='word_1_115' title='bbox 716 2239 858 2286; x_wconf 87' lang='lat' dir='ltr'>mucrone</span> <span class='ocrx_word' id='word_1_116' title='bbox 869 2219 956 2284; x_wconf 81' lang='lat' dir='ltr'>uerbi</span> 
     </span>
     <span class='ocr_line' id='line_1_23' title="bbox 409 2297 916 2393; baseline -0.002 -21"><span class='ocrx_word' id='word_1_117' title='bbox 409 2306 534 2385; x_wconf 78' lang='lat' dir='ltr'>Hostem</span> <span class='ocrx_word' id='word_1_118' title='bbox 547 2310 701 2393; x_wconf 85' lang='lat' dir='ltr'>Evangelii</span> <span class='ocrx_word' id='word_1_119' title='bbox 714 2297 916 2372; x_wconf 70' lang='lat' dir='ltr'>ferocientem.</span> 
     </span>
    </p>

    <p class='ocr_par' dir='ltr' id='par_1_12' title="bbox 408 2395 1044 2656">
     <span class='ocr_line' id='line_1_24' title="bbox 409 2395 1044 2475; baseline 0 -15"><span class='ocrx_word' id='word_1_120' title='bbox 409 2395 562 2475; x_wconf 78' lang='lat' dir='ltr'>Lectores,</span> <span class='ocrx_word' id='word_1_121' title='bbox 586 2416 651 2460; x_wconf 88' lang='lat' dir='ltr'>mea</span> <span class='ocrx_word' id='word_1_122' title='bbox 664 2415 746 2472; x_wconf 87' lang='lat' dir='ltr'>cura,</span> <span class='ocrx_word' id='word_1_123' title='bbox 769 2395 898 2470; x_wconf 87' lang='lat' dir='ltr'>candidi,</span> <span class='ocrx_word' id='word_1_124' title='bbox 917 2414 1044 2460; x_wconf 88' lang='lat' dir='ltr'>nunc</span> 
     </span>
     <span class='ocr_line' id='line_1_25' title="bbox 408 2482 954 2568; baseline 0 -21"><span class='ocrx_word' id='word_1_125' title='bbox 408 2486 546 2568; x_wconf 82' lang='lat' dir='ltr'>AEquum</span> <span class='ocrx_word' id='word_1_126' title='bbox 560 2482 583 2547; x_wconf 90' lang='lat' dir='ltr'>st</span> <span class='ocrx_word' id='word_1_127' title='bbox 598 2487 734 2566; x_wconf 85' lang='lat' dir='ltr'>petimus,</span> <span class='ocrx_word' id='word_1_128' title='bbox 757 2503 837 2546; x_wconf 88' lang='lat' dir='ltr'>novo</span> <span class='ocrx_word' id='word_1_129' title='bbox 851 2483 954 2547; x_wconf 88' lang='lat' dir='ltr'>libello</span> 
     </span>
     <span class='ocr_line' id='line_1_26' title="bbox 409 2569 949 2656; baseline -0.004 -20"><span class='ocrx_word' id='word_1_130' title='bbox 409 2571 537 2656; x_wconf 78' lang='lat' dir='ltr'>Linguis</span> <span class='ocrx_word' id='word_1_131' title='bbox 550 2591 585 2636; x_wconf 86' lang='lat' dir='ltr'>ac</span> <span class='ocrx_word' id='word_1_132' title='bbox 595 2569 700 2635; x_wconf 76' lang='lat' dir='ltr'>animis</span> <span class='ocrx_word' id='word_1_133' title='bbox 711 2569 810 2634; x_wconf 85' lang='lat' dir='ltr'>favete</span> <span class='ocrx_word' id='word_1_134' title='bbox 823 2571 949 2636; x_wconf 83' lang='lat' dir='ltr'>dextris.</span> 
     </span>
    </p>
   </div>
   <div class='ocr_carea' id='block_1_6' title="bbox 640 2695 1096 2780">
    <p class='ocr_par' dir='ltr' id='par_1_13' title="bbox 640 2695 1096 2780">
     <span class='ocr_line' id='line_1_27' title="bbox 640 2695 1096 2780; baseline -0.004 -16"><span class='ocrx_word' id='word_1_135' title='bbox 640 2695 691 2764; x_wconf 85' lang='lat' dir='ltr'>Ad</span> <span class='ocrx_word' id='word_1_136' title='bbox 697 2695 819 2762; x_wconf 79' lang='lat' dir='ltr'>libellum</span> <span class='ocrx_word' id='word_1_137' title='bbox 831 2695 865 2764; x_wconf 81' lang='lat' dir='ltr'>dc</span> <span class='ocrx_word' id='word_1_138' title='bbox 879 2700 921 2762; x_wconf 85' lang='lat' dir='ltr'>D.</span> <span class='ocrx_word' id='word_1_139' title='bbox 936 2699 987 2780; x_wconf 77' lang='lat' dir='ltr'>Ja:</span> <span class='ocrx_word' id='word_1_140' title='bbox 999 2695 1096 2764; x_wconf 77' lang='lat' dir='ltr'>Cheru.</span> 
     </span>
    </p>
   </div>
   <div class='ocr_carea' id='block_1_7' title="bbox 225 2815 1415 4467">
    <p class='ocr_par' dir='ltr' id='par_1_14' title="bbox 225 2815 1415 4467">
     <span class='ocr_line' id='line_1_28' title="bbox 412 2815 1012 2944; baseline 0 -64"><span class='ocrx_word' id='word_1_141' title='bbox 412 2815 474 2944; x_wconf 77' lang='lat' dir='ltr'>Sl</span> <span class='ocrx_word' id='word_1_142' title='bbox 489 2818 534 2880; x_wconf 82' lang='lat' dir='ltr'>vis</span> <span class='ocrx_word' id='word_1_143' title='bbox 547 2815 757 2901; x_wconf 85' lang='lat' dir='ltr'>Thespiadum</span> <span class='ocrx_word' id='word_1_144' title='bbox 771 2818 865 2882; x_wconf 90' lang='lat' dir='ltr'>choro</span> <span class='ocrx_word' id='word_1_145' title='bbox 879 2816 1012 2902; x_wconf 87' lang='lat' dir='ltr'>probati,</span> 
     </span>
     <span class='ocr_line' id='line_1_29' title="bbox 353 2904 994 2982; baseline 0 -14"><span class='ocrx_word' id='word_1_146' title='bbox 353 2959 358 2968; x_wconf 95' lang='lat'>.</span> <span class='ocrx_word' id='word_1_147' title='bbox 475 2905 533 2968; x_wconf 87' lang='lat' dir='ltr'>Fac</span> <span class='ocrx_word' id='word_1_148' title='bbox 547 2921 582 2968; x_wconf 92' lang='lat' dir='ltr'>ut</span> <span class='ocrx_word' id='word_1_149' title='bbox 595 2904 727 2980; x_wconf 75' lang='lat' dir='ltr'>consilio,</span> <span class='ocrx_word' id='word_1_150' title='bbox 750 2905 860 2982; x_wconf 86' lang='lat' dir='ltr'>libelle,</span> <span class='ocrx_word' id='word_1_151' title='bbox 884 2904 994 2981; x_wconf 85' lang='lat' dir='ltr'>nostro,</span> 
     </span>
     <span class='ocr_line' id='line_1_30' title="bbox 380 2991 935 3079; baseline 0.004 -27"><span class='ocrx_word' id='word_1_152' title='bbox 380 3070 383 3075; x_wconf 25' lang='grc' dir='ltr'>Ι</span> <span class='ocrx_word' id='word_1_153' title='bbox 410 2992 553 3055; x_wconf 85' lang='lat' dir='ltr'>Facundo</span> <span class='ocrx_word' id='word_1_154' title='bbox 566 2991 682 3056; x_wconf 84' lang='lat' dir='ltr'>lludeas</span> <span class='ocrx_word' id='word_1_155' title='bbox 693 2993 817 3079; x_wconf 84' lang='lat' dir='ltr'>placere</span> <span class='ocrx_word' id='word_1_156' title='bbox 823 2993 935 3068; x_wconf 89' lang='lat' dir='ltr'>Checo,</span> 
     </span>
     <span class='ocr_line' id='line_1_31' title="bbox 409 3071 974 3164; baseline -0.002 -22"><span class='ocrx_word' id='word_1_157' title='bbox 409 3080 514 3164; x_wconf 79' lang='lat' dir='ltr'>Qem</span> <span class='ocrx_word' id='word_1_158' title='bbox 529 3078 700 3143; x_wconf 81' lang='lat' dir='ltr'>Pandioniae</span> <span class='ocrx_word' id='word_1_159' title='bbox 713 3080 819 3143; x_wconf 89' lang='lat' dir='ltr'>colunt</span> <span class='ocrx_word' id='word_1_160' title='bbox 834 3071 974 3156; x_wconf 88' lang='lat' dir='ltr'>Athenae,</span> 
     </span>
     <span class='ocr_line' id='line_1_32' title="bbox 411 3165 1028 3249; baseline 0 -21"><span class='ocrx_word' id='word_1_161' title='bbox 411 3168 452 3228; x_wconf 91' lang='lat' dir='ltr'>Et</span> <span class='ocrx_word' id='word_1_162' title='bbox 466 3185 556 3249; x_wconf 87' lang='lat' dir='ltr'>quem</span> <span class='ocrx_word' id='word_1_163' title='bbox 572 3171 669 3231; x_wconf 89' lang='lat' dir='ltr'>Roma</span> <span class='ocrx_word' id='word_1_164' title='bbox 683 3169 755 3232; x_wconf 85' lang='lat' dir='ltr'>colit</span> <span class='ocrx_word' id='word_1_165' title='bbox 767 3165 872 3231; x_wconf 83' lang='lat' dir='ltr'>diserta</span> <span class='ocrx_word' id='word_1_166' title='bbox 887 3169 1028 3231; x_wconf 88' lang='lat' dir='ltr'>multum.</span> 
     </span>
     <span class='ocr_line' id='line_1_33' title="bbox 410 3249 1128 3339; baseline 0.003 -23"><span class='ocrx_word' id='word_1_167' title='bbox 410 3257 513 3338; x_wconf 82' lang='lat' dir='ltr'>Qem</span> <span class='ocrx_word' id='word_1_168' title='bbox 526 3257 594 3318; x_wconf 89' lang='lat' dir='ltr'>Rex</span> <span class='ocrx_word' id='word_1_169' title='bbox 608 3255 759 3320; x_wconf 85' lang='lat' dir='ltr'>maximus</span> <span class='ocrx_word' id='word_1_170' title='bbox 769 3257 904 3318; x_wconf 85' lang='lat' dir='ltr'>omnium</span> <span class='ocrx_word' id='word_1_171' title='bbox 915 3249 1128 3339; x_wconf 77' lang='lat' dir='ltr'>supremusque</span> 
     </span>
     <span class='ocr_line' id='line_1_34' title="bbox 287 3343 1005 3427; baseline 0.001 -24"><span class='ocrx_word' id='word_1_172' title='bbox 287 3383 290 3390; x_wconf 92' lang='lat'>-</span> <span class='ocrx_word' id='word_1_173' title='bbox 411 3343 557 3406; x_wconf 84' lang='lat' dir='ltr'>llenricut</span> <span class='ocrx_word' id='word_1_174' title='bbox 572 3359 712 3427; x_wconf 86' lang='lat' dir='ltr'>reputans</span> <span class='ocrx_word' id='word_1_175' title='bbox 727 3345 828 3408; x_wconf 88' lang='lat' dir='ltr'>virum</span> <span class='ocrx_word' id='word_1_176' title='bbox 843 3343 1005 3425; x_wconf 88' lang='lat' dir='ltr'>probatum</span> 
     </span>
     <span class='ocr_line' id='line_1_35' title="bbox 411 3427 988 3515; baseline 0.007 -26"><span class='ocrx_word' id='word_1_177' title='bbox 411 3427 647 3512; x_wconf 72' lang='lat' dir='ltr'>spectatumque</span> <span class='ocrx_word' id='word_1_178' title='bbox 661 3429 739 3508; x_wconf 82' lang='lat' dir='ltr'>satis,</span> <span class='ocrx_word' id='word_1_179' title='bbox 763 3431 988 3515; x_wconf 70' lang='lat' dir='ltr'>reconditaque</span> 
     </span>
     <span class='ocr_line' id='line_1_36' title="bbox 225 3512 917 3592; baseline 0.004 -15"><span class='ocrx_word' id='word_1_180' title='bbox 225 3531 239 3563; x_wconf 86' lang='lat'><em>²</em></span> <span class='ocrx_word' id='word_1_181' title='bbox 307 3547 317 3571; x_wconf 88' lang='lat'><strong>·</strong></span> <span class='ocrx_word' id='word_1_182' title='bbox 412 3512 573 3579; x_wconf 82' lang='lat' dir='ltr'>Censorem</span> <span class='ocrx_word' id='word_1_183' title='bbox 585 3514 715 3580; x_wconf 70' lang='lat' dir='ltr'>solidum</span> <span class='ocrx_word' id='word_1_184' title='bbox 728 3517 917 3592; x_wconf 71' lang='lat' dir='ltr'>eruditioniS,</span> 
     </span>
     <span class='ocr_line' id='line_1_37' title="bbox 413 3601 971 3690; baseline 0.002 -25"><span class='ocrx_word' id='word_1_185' title='bbox 413 3601 588 3668; x_wconf 87' lang='lat' dir='ltr'>Eduardum</span> <span class='ocrx_word' id='word_1_186' title='bbox 603 3605 680 3668; x_wconf 86' lang='lat' dir='ltr'>bene</span> <span class='ocrx_word' id='word_1_187' title='bbox 694 3601 800 3680; x_wconf 83' lang='lat' dir='ltr'>filium,</span> <span class='ocrx_word' id='word_1_188' title='bbox 823 3603 971 3690; x_wconf 84' lang='lat' dir='ltr'>suumque</span> 
     </span>
     <span class='ocr_line' id='line_1_38' title="bbox 413 3690 1063 3774; baseline 0.003 -20"><span class='ocrx_word' id='word_1_189' title='bbox 413 3690 572 3768; x_wconf 86' lang='lat' dir='ltr'>Heredem,</span> <span class='ocrx_word' id='word_1_190' title='bbox 596 3713 734 3774; x_wconf 89' lang='lat' dir='ltr'>puerum,</span> <span class='ocrx_word' id='word_1_191' title='bbox 758 3693 802 3756; x_wconf 90' lang='lat' dir='ltr'>illi</span> <span class='ocrx_word' id='word_1_192' title='bbox 822 3695 859 3755; x_wconf 92' lang='lat' dir='ltr'>ad</span> <span class='ocrx_word' id='word_1_193' title='bbox 874 3693 932 3754; x_wconf 85' lang='lat' dir='ltr'>alra</span> <span class='ocrx_word' id='word_1_194' title='bbox 947 3706 1063 3769; x_wconf 81' lang='lat' dir='ltr'>narum,</span> 
     </span>
     <span class='ocr_line' id='line_1_39' title="bbox 413 3778 969 3864; baseline -0.005 -21"><span class='ocrx_word' id='word_1_195' title='bbox 413 3779 668 3854; x_wconf 78' lang='lat' dir='ltr'>sicconcredidit,</span> <span class='ocrx_word' id='word_1_196' title='bbox 690 3778 846 3862; x_wconf 87' lang='lat' dir='ltr'>utriusque</span> <span class='ocrx_word' id='word_1_197' title='bbox 860 3779 969 3864; x_wconf 81' lang='lat' dir='ltr'>linguae</span> 
     </span>
     <span class='ocr_line' id='line_1_40' title="bbox 410 3867 885 3956; baseline -0.004 -26"><span class='ocrx_word' id='word_1_198' title='bbox 410 3867 514 3930; x_wconf 73' lang='lat' dir='ltr'>Floret</span> <span class='ocrx_word' id='word_1_199' title='bbox 526 3881 562 3928; x_wconf 91' lang='lat' dir='ltr'>ut</span> <span class='ocrx_word' id='word_1_200' title='bbox 573 3867 684 3956; x_wconf 81' lang='lat' dir='ltr'>legeret</span> <span class='ocrx_word' id='word_1_201' title='bbox 698 3867 885 3944; x_wconf 86' lang='lat' dir='ltr'>venustiores,</span> 
     </span>
     <span class='ocr_line' id='line_1_41' title="bbox 414 3938 921 4032; baseline 0.004 -18"><span class='ocrx_word' id='word_1_202' title='bbox 414 3938 566 4016; x_wconf 80' lang='lat' dir='ltr'>Exercens</span> <span class='ocrx_word' id='word_1_203' title='bbox 579 3947 660 4018; x_wconf 85' lang='lat' dir='ltr'>facili</span> <span class='ocrx_word' id='word_1_204' title='bbox 673 3975 799 4019; x_wconf 79' lang='lat' dir='ltr'>uranum</span> <span class='ocrx_word' id='word_1_205' title='bbox 809 3955 921 4032; x_wconf 87' lang='lat' dir='ltr'>labore,</span> 
     </span>
     <span class='ocr_line' id='line_1_42' title="bbox 392 4001 990 4106; baseline 0.003 -5"><span class='ocrx_word' id='word_1_206' title='bbox 392 4096 395 4101; x_wconf 89' lang='lat'>.</span> <span class='ocrx_word' id='word_1_207' title='bbox 415 4041 456 4101; x_wconf 87' lang='lat' dir='ltr'>Et</span> <span class='ocrx_word' id='word_1_208' title='bbox 467 4033 578 4103; x_wconf 87' lang='lat' dir='ltr'>Christi</span> <span class='ocrx_word' id='word_1_209' title='bbox 588 4042 746 4105; x_wconf 87' lang='lat' dir='ltr'>imbiberet</span> <span class='ocrx_word' id='word_1_210' title='bbox 765 4040 852 4106; x_wconf 77' lang='lat' dir='ltr'>suiive</span> <span class='ocrx_word' id='word_1_211' title='bbox 864 4001 990 4106; x_wconf 74' lang='lat' dir='ltr'>nedlar.</span> 
     </span>
     <span class='ocr_line' id='line_1_43' title="bbox 414 4123 970 4205; baseline 0 -15"><span class='ocrx_word' id='word_1_212' title='bbox 414 4123 542 4190; x_wconf 69' lang='lat' dir='ltr'>felicem</span> <span class='ocrx_word' id='word_1_213' title='bbox 553 4128 684 4192; x_wconf 87' lang='lat' dir='ltr'>arbitror</span> <span class='ocrx_word' id='word_1_214' title='bbox 695 4129 771 4192; x_wconf 90' lang='lat' dir='ltr'>hanc</span> <span class='ocrx_word' id='word_1_215' title='bbox 784 4129 892 4192; x_wconf 85' lang='lat' dir='ltr'>diemf</span> <span class='ocrx_word' id='word_1_216' title='bbox 877 4127 970 4205; x_wconf 75' lang='lat' dir='ltr'>fuine,</span> 
     </span>
     <span class='ocr_line' id='line_1_44' title="bbox 406 4210 957 4300; baseline 0.004 -22.026"><span class='ocrx_word' id='word_1_217' title='bbox 406 4214 515 4278; x_wconf 84' lang='lat' dir='ltr'>Tanto</span> <span class='ocrx_word' id='word_1_218' title='bbox 527 4210 674 4300; x_wconf 82' lang='lat' dir='ltr'>discipulo</span> <span class='ocrx_word' id='word_1_219' title='bbox 687 4211 771 4279; x_wconf 87' lang='lat' dir='ltr'>dedit</span> <span class='ocrx_word' id='word_1_220' title='bbox 785 4213 957 4299; x_wconf 81' lang='lat' dir='ltr'>magistrum</span> 
     </span>
     <span class='ocr_line' id='line_1_45' title="bbox 412 4299 1079 4412; baseline 0.006 -48"><span class='ocrx_word' id='word_1_221' title='bbox 412 4304 492 4390; x_wconf 81' lang='lat' dir='ltr'>Qae</span> <span class='ocrx_word' id='word_1_222' title='bbox 508 4302 607 4367; x_wconf 88' lang='lat' dir='ltr'>talem.</span> <span class='ocrx_word' id='word_1_223' title='bbox 652 4303 742 4367; x_wconf 84' lang='lat' dir='ltr'>Unde</span> <span class='ocrx_word' id='word_1_224' title='bbox 754 4300 807 4367; x_wconf 87' lang='lat' dir='ltr'>suo</span> <span class='ocrx_word' id='word_1_225' title='bbox 822 4299 942 4412; x_wconf 79' lang='lat' dir='ltr'>venusta</span> <span class='ocrx_word' id='word_1_226' title='bbox 955 4304 1079 4368; x_wconf 83' lang='lat' dir='ltr'>alunmo</span> 
     </span>
     <span class='ocr_line' id='line_1_46' title="bbox 544 4389 1415 4467; baseline 0.008 -18"><span class='ocrx_word' id='word_1_227' title='bbox 544 4404 564 4467; x_wconf 74' lang='lat'>2</span> <span class='ocrx_word' id='word_1_228' title='bbox 793 4421 807 4450; x_wconf 75' lang='grc' dir='ltr'><strong><em>ο</em></strong></span> <span class='ocrx_word' id='word_1_229' title='bbox 1243 4408 1245 4418; x_wconf 79' lang='grc'>’</span> <span class='ocrx_word' id='word_1_230' title='bbox 1276 4389 1415 4457; x_wconf 58' lang='lat' dir='ltr'>crant&amp;</span> 
     </span>
    </p>
   </div>
   <div class='ocr_carea' id='block_1_8' title="bbox 0 0 1486 4884">
    <p class='ocr_par' dir='ltr' id='par_1_15' title="bbox 0 0 1486 4884">
     <span class='ocr_line' id='line_1_47' title="bbox 0 0 1486 4884; baseline 0 0"><span class='ocrx_word' id='word_1_231' title='bbox 0 0 1486 4884; x_wconf 95' lang='lat' dir='ltr'> </span> 
     </span>
    </p>
   </div>
  </div>
 </body>
</html>
