2942 4884
252 227 605 324 assertura
646 251 966 340 uururrr.
1042 242 1045 248 ’

95 397 192 448 certa.
216 401 328 446 nomeu
352 381 385 447 ld
400 377 696 458 Britannicesouare,
718 380 805 466 quod
818 381 896 449 bella
911 381 992 448 dour
1014 381 1128 461 Italico,

98 475 130 536 8<
145 471 261 534 Galliae
275 469 352 534 belle
367 469 464 532 dame.
509 467 641 534 Indubie
662 468 680 532 i
704 467 785 535 sama
803 488 914 538 nomeu
928 470 1072 548 inditum,
1094 486 1129 536 ut
1168 521 1173 536 ,

98 560 282 636 Gueulleaa‚
305 555 405 633 idest,
427 556 495 619 alba
511 561 658 632 Leoupra,
688 559 737 620 -vel
762 555 780 623 ri
802 557 975 638 coujeslura
995 560 1128 625 Helenae

99 650 144 725 ira
160 665 194 710 ut
207 647 283 710 albae
293 629 474 708 vocabulum
487 643 654 727 pulchram,
668 644 789 722 bellant,
801 644 955 712 venustam
964 647 1128 729 exprimat.

1 767 2 784 2
100 740 147 798 At
164 749 197 797 ut
213 737 251 798 de
264 734 330 812 ejus
344 731 496 814 venustate
509 731 575 796 saris
589 731 712 808 constat,
735 733 779 798 ita
796 733 835 796 de
849 735 992 816 pudicitia
1007 734 1131 799 dubita·

84 832 172 888 ‘tum
186 820 239 885 est.
283 823 435 884 Parcerem
451 819 511 902 ipse
534 823 657 904 quidem
673 841 729 902 pro
750 841 819 885 meo
839 823 972 886 madore
992 824 1132 888 nemim.

1 915 2 924 ’
99 927 175 976 rum
201 907 274 972 laeso
299 909 416 983 lrouori,
439 909 470 970 tr
494 905 601 973 saure:
630 907 765 974 ⁴historiae
788 913 1010 976 tatueuteritaa
1028 931 1132 976 atatem

100 998 189 1062 vellit
214 995 299 1074 milri,
318 997 477 1080 jubetque,
508 997 538 1060 8r
564 1012 680 1078 tautum
695 991 757 1066 nou
776 997 914 1080 imperat.
946 1011 983 1062 ut
1004 999 1129 1064 reseram

1 1143 2 1146 ,
100 1085 182 1170 quid
197 1102 309 1148 veteres
328 1085 367 1148 de
392 1105 427 1148 ea
449 1081 598 1153 senserint.
645 1087 750 1152 Tauro
764 1085 901 1151 reluttni
914 1088 1042 1170 imperio
1055 1087 1284 1156 milliasam

99 1173 233 1257 quidem
244 1173 361 1258 religi0,
376 1173 409 1236 δι’
421 1191 539 1256 magua.
583 1169 753 1242 Britannica
766 1171 886 1239 historia
896 1173 1045 1251 adfirmet,
1065 1194 1131 1239 eam

100 1282 170 1330 uon
184 1262 277 1326 modo
291 1281 355 1324 rem
377 1279 448 1324 cum
462 1261 630 1336 Mordredp
640 1261 729 1331 Proto
749 1259 894 1337 habuisse,
912 1281 1019 1326 aruum
1040 1264 1134 1328 ettam

1 1385 2 1418 r
100 1349 251 1433 conjugio
266 1346 311 1412 illi
325 1347 410 1414 suilse
423 1347 605 1430 adjuuslam.
650 1343 817 1412 Osceleral
845 1350 999 1414 timum!
1028 1350 1133 1416 boot·

1 1477 2 1529 r
100 1453 199 1519 rupta
216 1441 369 1520 tempora!
394 1437 472 1498 Vitae
486 1435 610 1526 scriptor
624 1434 780 1511 Gildalcae,
802 1437 909 1503 auctor
919 1438 1043 1522 quidem
1054 1439 1133 1502 auri·

100 1545 200 1608 quus,
224 1520 320 1588 sedin
341 1541 410 1588 tneo
430 1525 592 1607 exemplari
613 1544 790 1608 anonymus,
819 1524 886 1589 brec
907 1525 947 1588 de
971 1526 1135 1590 Gueuhert

101 1613 418 1698 adultera'praedicatt
442 1620 465 1649 ‘¹
478 1603 619 1682 'Artorius
628 1611 744 1680 obsedit
757 1613 881 1696 paludes
889 1607 1002 1677 vicinat
1011 1610 1135 1688 Glespo·

103 1706 129 1737 “
156 1703 217 1763 niae
228 1703 259 1766 iu
270 1702 377 1765 odium
386 1700 499 1764 Meluae
513 1701 619 1784 reguli,
640 1704 697 1783 qul
710 1722 748 1766 eo
766 1701 961 1768 Gueuberam
974 1718 1092 1784 raptam
1102 1702 1137 1766 Se

102 1794 126 1824 “
153 1788 523 1872 perdutlrmviriaverar.”
538 1787 588 1852 Est
598 1790 655 1853 hoe
667 1787 1139 1874 testimouiumderegiwqutn·

1 1954 2 1960 ἵ
101 1878 153 1946 vis
179 1893 295 1960 raptam
312 1873 402 1952 dicat,
425 1897 531 1962 parum
559 1877 768 1942 honorificum.
813 1876 987 1960 Rapiuutur
1009 1874 1139 1944 subinde

101 1960 257 2045 ejusmodi
270 1961 379 2035 formae
399 1957 461 2028 sua'
473 1959 588 2047 sponte.
626 1967 800 2047 Utcunque
812 1963 918 2047 suerit,
939 1965 1002 2038 ’ΜΒ
1015 1965 1139 2030 eertiffi·

103 2071 205 2129 mum,
227 2073 288 2138 nou
303 2053 395 2138 longo
409 2045 581 2136 superfuisse
604 2051 688 2122 illam
714 2066 848 2135 tempore
860 2051 878 2116 i
891 2062 964 2116 nece
985 2053 1134 2140 conjugis,

105 2142 138 2202 tc
155 2141 293 2204 adulteri.
340 2145 383 2204 At
406 2161 444 2204 an
467 2140 574 2204 morbo
597 2140 731 2222 eorporis
749 2141 863 2223 aliquo,
885 2140 1032 2204 mansuri
1040 2141 1137 2221 justo,

101 2227 197 2314 quod
211 2249 269 2313 ego
282 2225 399 2292 facilius
414 2228 514 2302 credo,
538 2247 666 2296 moetore
681 2228 798 2302 obierit,
823 2247 881 2292 uun
896 2228 1135 2310 aperteeottstrl.

106 2319 276 2398 Scriptores
300 2315 443 2392 referunt,
467 2317 653 2400 poenitudine
677 2315 800 2382 ductam
823 2336 888 2382 eam
902 2314 1006 2383 uelum
1019 2312 1133 2382 stupui

103 2404 282 2470 Ambrosrae
296 2403 431 2480 induisse,
455 2405 627 2486 ibidemque
641 2420 793 2469 mortuam
810 2424 845 2468 ac
859 2402 1015 2487 sepultam,
1036 2404 1136 2470 donee

1 2521 3 2580 5
104 2492 313 2560 humauiffuni
343 2491 500 2556 Lancelorl
525 2493 640 2575 Pugnis
667 2490 846 2566 iuvisiilsmti
872 2511 943 2556 tum
968 2511 1039 2556 cura
1057 2495 1135 2557 ,tuur'

106 2584 208 2667 pietas
217 2581 354 2665 reliquias
365 2577 650 2662 posteaAvalonlam
660 2580 858 2646 transtulisset.
880 2594 887 2609 ¹
906 2579 1137 2662 Scrupuluebie

1 2693 2 2698 ¹
105 2685 218 2736 contra
240 2668 380 2734 adul-terii
394 2665 587 2750 suspicionem
603 2665 772 2734 suboritur:
807 2667 858 2732 Au
869 2667 1059 2732 commffitter
1073 2682 1139 2732 taur

106 2757 238 2840 infiguls
252 2757 367 2820 Arturii
382 2772 509 2832 amator,
532 2775 623 2838 arque
648 2754 728 2818 idem
743 2755 853 2836 cultor,
874 2753 1089 2823 utadulteratn
1103 2759 1137 2821 iu

1 2845 2 2931 ζ
106 2843 304 2930 sacratissimo
318 2844 490 2908 coemetetin
508 2858 630 2926 propter
654 2842 736 2910 illius
750 2841 936 2926 sepulchrum
952 2857 1041 2906 tertae
1054 2862 1138 2908 com·

107 2935 272 3002 mitteret?
295 2931 423 2999 Historia
439 2929 696 3016 Glelloburgeusas
716 2932 849 2997 cteuobil
862 2949 999 2995 accurate
1010 2929 1138 2994 collesla

108 3020 268 3108 perdocet,
292 3023 485 3084 Gueuheram
511 3020 540 3082 iu
563 3014 643 3082 sacro
664 3015 1137 3104 coemeteriosuilsesepultamarl

107 3107 253 3192 conjugis
267 3110 429 3184 tumulum,
454 3109 483 3169 8r
497 3107 560 3187 ejus
574 3108 714 3189 reliquias
734 3107 839 3170 eodem
855 3122 994 3191 tempore,
1003 3108 1138 3172 iuventae

1 3257 2 3262 ,
106 3195 348 3283 quo&mariti.
386 3194 621 3259 Confirmathoc
636 3192 781 3276 sylvester
796 3193 1138 3270 GiraldurMeueteufir

1 3315 2 3322 ¹
109 3290 145 3351 in
176 3281 367 3348 Institutione
396 3283 540 3366 Principis
568 3283 615 3346 his
643 3279 748 3345 verbis¹
766 3283 806 3345 de
833 3284 959 3345 Arrurio
986 3283 1135 3368 loq'ueusr

110 3381 135 3414 ‘⁴
161 3374 318 3438 Habuerat
332 3374 412 3437 euim
436 3391 547 3434 uxores
563 3371 646 3446 duas,
670 3364 800 3454 quarum
820 3369 926 3434 ultima
940 3368 1048 3436 scilicet
1066 3390 1139 3434 curn

111 3469 136 3518 .“
163 3459 229 3546 ipso
250 3457 363 3544 sepulta
384 3460 492 3534 fueret,
515 3460 544 3521 ἃ
569 3460 629 3522 ossa
653 3457 745 3542 ipsius
768 3479 837 3522 curu
858 3456 968 3524 offibus
981 3459 1036 3523 viri
1050 3455 1140 3523 fimat

111 3556 136 3590 ⁴‘
162 3553 291 3626 inventa,
313 3547 354 3612 sac
367 3545 504 3624 distinsla
519 3561 629 3622 tamen,
647 3563 682 3610 ur
693 3546 764 3608 duae
777 3549 874 3629 partes
885 3542 1032 3632 sepulchri
1041 3542 1141 3610 versus
1149 3547 1203 3599 Fol·
1213 3562 1254 3608 ις·
1263 3565 1299 3633 ιχ

111 3646 136 3692 t‘
161 3653 263 3720 mpur,
286 3634 395 3700 seilicet
419 3634 530 3698 olsabus
544 3638 600 3699 uiri
614 3633 813 3710 continendis,
836 3629 1141 3719 deputaresulsseutr

113 3734 137 3766 ‘⁸
163 3727 330 3792 tettiauero
341 3722 379 3784 ad
389 3723 478 3806 pedes
488 3722 547 3786 olla
557 3721 685 3786 seorsum
699 3720 859 3787 muliebria
869 3725 1042 3787 contineret.
1076 3721 1141 3788 Ubi

113 3821 138 3854 ‘⁸
163 3815 197 3880 ἃ
217 3815 290 3878 trica
312 3831 407 3875 comte
432 3809 592 3886 muliebris·
606 3809 680 3872 flata
699 3827 769 3872 eum
789 3810 958 3894 integritate
974 3807 1140 3892 pristina&

115 3911 138 3942 “
161 3901 264 3966 colore
278 3913 394 3984 reperta
408 3895 477 3972 suit,
493 3914 631 3980 quamue
642 3895 1140 3980 monachusquldamavideutauu

111 3998 137 4028 ⁴⁴
161 3990 299 4072 arripuit,
322 3989 353 4052 &
366 3984 540 4074 subleuauit,
565 3983 741 4048 totaslatinr
755 3988 809 4058 'iu
821 3985 974 4067 puluerem¹
992 3984 1140 4059 aeduin?

112 4077 203 4144 Idem
217 4076 361 4139 Giraldtts
376 4071 480 4138 similia
495 4071 585 4136 refert
598 4074 630 4136 in
646 4073 776 4154 Speculo
792 4069 991 4163 ecclesalllco,
1037 4076 1140 4137 Potuit

112 4165 167 4230 ilie
181 4165 310 4248 quidem
322 4183 392 4226 euru
406 4159 585 4224 autloritare
599 4161 697 4244 aliqua
712 4161 749 4222 de
765 4157 819 4223 srac
837 4181 873 4223 re.
884 4161 978 4243 loqui,
1001 4151 1147 4244 quando-³

112 4251 243 4337 quidem
271 4266 340 4316 tum
364 4249 506 4332 temporit
530 4252 560 4312 lu
586 4249 724 4332 flagranti
748 4243 892 4310 Richardi
914 4250 1032 4324 Leonis,
1062 4251 1140 4330 regis

109 4339 250 4426 Angllae,
274 4340 373 4425 gratia
394 4337 604 4416 confirmatur,
620 4337 703 4404 veuit
727 4333 791 4421 ipsu
805 4348 939 4419 tempore
962 4338 1077 4489 iureuril
1096 4332 1150 4485 ἱρῇ

1025 4442 1095 4508 pur
1118 4443 1144 4484 rr
