2942 4884
125 205 130 212 ’
203 238 497 311 araturos:
541 231 1074 310 cuuruunrotnusts.
1251 189 1366 326 2137

167 392 221 459 ις.
242 367 385 434 Clemens
395 367 513 432 Corbet
536 366 630 446 (filius
645 383 721 433 natu
735 370 835 432 minor
850 371 973 436 Milonis
988 370 1104 438 Corbet
1116 375 1157 440 de

117 459 289 545 spraulion
312 461 344 522 ln
368 454 458 522 Nors.
485 455 607 539 Equitis
620 458 742 538 Aurati)
767 458 857 538 hujus
871 459 962 522 Aulae
977 462 1102 538 Soeius,
1117 465 1155 530 L.

121 554 182 624 Dr,
198 546 402 612 cancellarius
416 544 576 618 Cicellriae,
598 543 762 608 Praeseslus
777 545 966 611 electusuor
977 569 1004 626 1,
1027 551 1157 616 Procon-

119 638 260 702 cellarius
274 634 357 698 istius
371 633 546 700 Academiae
566 633 659 718 1613.

118 879 123 886 ¹
237 902 444 1011 Collegium
458 902 507 982 de
525 903 699 984 Gonevile
719 906 763 984 sd
782 904 893 982 Caius
926 910 1046 1016 1348.

122 1061 157 1127 6.
184 1053 345 1206 SEcxtum
359 1049 492 1135 sequitur
505 1050 675 1134 Collegium
689 1049 727 1113 de
736 1043 866 1113 Gon'vile
880 1053 910 1114 u
921 1055 1011 1117 Caius
1026 1054 1156 1132 diuum,

268 1143 336 1223 ujus
351 1144 448 1224 prima
469 1137 666 1202 fundamenta
681 1159 718 1200 eo
732 1141 763 1202 in
790 1139 859 1202 loco
877 1141 929 1203 ubi
946 1163 1024 1206 nunc
1041 1143 1083 1206 est
1097 1147 1158 1208 Po·

123 1234 257 1296 marium
271 1234 300 1294 u
317 1225 555 1313 Sphaeristerium
569 1226 699 1310 Collegii
714 1227 814 1290 Sansii
830 1227 983 1292 Benedicti
998 1251 1046 1294 an.
1062 1235 1157 1296 Dom.

129 1325 226 1404 1348.
250 1316 347 1403 posuit
363 1316 545 1378 Edmundus
560 1315 718 1389 Gouevile,
742 1314 854 1392 Reslor⁸
868 1316 906 1379 de
922 1315 1105 1402 Tirrington
1125 1321 1158 1384 in

122 1407 297 1474 Marshland
323 1407 355 1468 in
380 1401 469 1465 Nors.
493 1405 523 1466 &
548 1402 784 1465 deRushworth
810 1405 841 1465 in
866 1405 972 1467 eodem
987 1407 1155 1484 Comitatu,

124 1501 183 1582 qui
198 1518 268 1560 cum
282 1493 345 1556 aliis
355 1494 491 1557 Vicarius
503 1491 725 1572 spiritualitatis
740 1491 778 1553 ab
797 1487 947 1575 Episcopo
961 1492 1159 1560 constitueba-

126 1602 179 1649 tur
194 1581 321 1648 absente.
367 1584 440 1643 Haec
457 1579 621 1661 primordia
636 1578 683 1641 fic
691 1578 799 1641 locavit
814 1579 996 1644 Edmundus
1012 1583 1159 1646 Gonevile

128 1671 234 1755 (frater
249 1685 322 1734 natu
338 1670 434 1730 minor
446 1664 589 1730 Nicholai
603 1666 750 1730 Gonevile
766 1666 803 1730 dc
823 1669 1006 1732 Rushtvotth
1022 1669 1158 1754 praedisi.
1235 1742 1239 1748 x

124 1762 247 1842 Militis)
271 1757 464 1824 celeberrimo
479 1753 807 1818 illoAulicoGualtero
829 1756 866 1818 de
886 1759 1026 1838 Manney,
1050 1759 1160 1842 Belga·

127 1845 322 1912 Cambtaenst
347 1845 413 1927 (qui
428 1847 626 1926 Margaretam
641 1841 678 1904 de
703 1845 887 1906 Brotherton
913 1847 1064 1908 Ducislam
1079 1847 1160 1910 Nor·

125 1937 228 2002 solciae
250 1937 281 1999 in
304 1935 430 1996 uxorein
447 1931 588 2013 duxerat)
611 1931 775 2014 Georgiani
796 1932 917 1994 Ordinis
932 1931 1047 2014 Sodali,¹
1068 1934 1159 1998 licen·

48 2023 54 2030 ’
126 2029 203 2091 tiam
217 2023 256 2086 ab
280 2018 433 2101 Eduardo
456 2017 522 2102 31³0,
545 2039 593 2082 an.
618 2019 715 2101 Regni
742 2015 828 2096 22d0,
854 2038 949 2105 1347,
972 2023 1159 2113 impetrante,

127 2113 289 2200 postquam
303 2109 402 2171 dietus
417 2107 599 2194 Edmundus
617 2105 817 2190 collegiatam
842 2107 1033 2172 Ecclestolam
1061 2112 1091 2174 S.
1105 2114 1160 2192 Jo-

126 2203 216 2266 annis
229 2192 423 2281 Evangelistae
448 2195 528 2278 apud
545 2193 729 2257 Rulltwortlt
744 2193 901 2276 fundasset.
945 2200 1050 2280 Atque
1064 2218 1159 2280 quum

128 2285 365 2356 Annuntiationi'
389 2288 490 2370 Beatae
522 2282 626 2346 Mariae
653 2283 787 2366 Virginis
816 2280 895 2346 istud
918 2283 1088 2369 Collegium
1111 2286 1161 2348 die

127 2379 214 2463 Jovis
239 2378 269 2438 in
284 2372 448 2458 septimana
462 2370 648 2434 Pentecostes
664 2390 681 2435 2
686 2368 750 2454 31³⁰·
778 2371 920 2434 Edwardi
937 2375 1036 2438 Tertii
1063 2377 1159 2458 1348.

126 2464 297 2538 dedicasset,
313 2461 393 2526 Aula
405 2458 593 2522 chonevile
607 2458 703 2522 slatim
718 2459 862 2544 appellari
876 2461 977 2542 caepit,
994 2463 1048 2526 ubi
1064 2482 1160 2525 uuum

94 2576 98 2582 ·
129 2553 295 2618 Custodem
309 2551 339 2612 &
355 2565 485 2631 quatuor
502 2549 602 2609 Socios
622 2563 691 2609 ante
716 2563 844 2612 mortem
857 2546 995 2627 instituit,
1016 2551 1046 2612 dt
1060 2552 1160 2612 vivens

129 2641 264 2708 subsidio
292 2637 463 2720 pecuniario
488 2634 572 2709 aluit,
609 2656 645 2718 ae
668 2639 814 2716 Joannem
842 2636 965 2710 Colton,
1000 2638 1160 2702 Resloretn

129 2729 233 2818 polica
248 2727 286 2790 de
305 2727 497 2808 Tirriugton,
523 2725 654 2804 primum
669 2722 719 2786 hic
734 2722 897 2786 Custodem
910 2725 1070 2801 ordinavit,
1095 2729 1160 2788 Sta·

124 2814 207 2896 jtutis
218 2815 274 2880 sub
286 2812 460 2879 Cancellarii
473 2810 568 2894 figillo
579 2812 776 2889 confirmatis,
791 2810 860 2876 licet
877 2830 929 2874 20.
943 2813 1109 2888 scholares,
1126 2829 1161 2876 ut

125 2929 171 2986 en
183 2905 310 2968 Statutis
321 2900 445 2975 constat,
468 2896 594 2961 fundare
608 2900 789 2963 decreverat.
834 2899 889 2962 Ille
904 2917 1003 2964 autem
1018 2898 1081 2963 sato
1102 2902 1160 2964 irn-
1239 2937 1244 2948 ·

130 3010 254 3060 maturo
268 3013 315 3063 an.
331 2991 425 3052 Dom.
442 3006 477 3071 13
482 3000 533 3070 50.
557 2987 708 3069 abreptus,
731 2988 852 3070 &apud
866 2989 1049 3074 Tirrington
1064 2985 1160 3073 sepul·

131 3101 194 3159 tus,
215 3079 358 3166 grandem
370 3078 481 3159 pecuiae
491 3072 639 3138 summam
656 3076 820 3139 Guilielmo
832 3077 986 3156 Bateman‚
1013 3075 1162 3161 Episcopo

125 3168 346 3248 ‚Nordovicenst
366 3169 447 3227 t8v0·
470 3183 523 3246 per
543 3161 750 3226 testamentum
774 3165 969 3242 concredidit,
992 3166 1160 3239 urnulam,
1231 3227 1234 3232 .

133 3280 227 3342 quam
244 3256 443 3328 inchoaverat,
466 3247 628 3314 absolveret
643 3253 672 3312 u
687 3249 790 3313 fundis
805 3251 921 3315 ditaret.
968 3255 1081 3316 Verum
1096 3253 1163 3336 post

133 3345 292 3414 Edmuudi
311 3360 440 3406 mortem
463 3338 561 3402 dietus
583 3339 769 3402 Goiliclmus
789 3342 941 3416 Buteman,
963 3363 1027 3423 quo
1049 3341 1164 3405 Aulam

133 3438 215 3500 hanc
229 3431 291 3497 suae
300 3431 391 3515 Aulae
407 3428 580 3501 Trinitatis,
604 3448 697 3510 quam
713 3443 777 3489 tum
793 3427 937 3492 aedificare
951 3445 1097 3510 coeperat,
1119 3431 1162 3492 vi·
1252 3419 1259 3434 ’

133 3525 279 3590 ciniorem
296 3542 330 3584 ac
344 3517 426 3582 velut
442 3513 582 3578 sororium
594 3514 742 3589 redderet,
766 3513 934 3579 Custodi&
957 3519 1049 3580 Sociis
1065 3515 1162 3593 suasit,
1197 3587 1199 3596 s

133 3628 172 3675 ut
188 3612 240 3673 has
255 3607 319 3672 suas
341 3605 476 3692 pristinas
489 3602 565 3664 ades
586 3620 790 3684 permutarent
814 3625 868 3687 pro
888 3603 952 3667 aliis
971 3605 1105 3689 aedificiis
1131 3606 1163 3684 in

135 3701 208 3764 loco
230 3701 356 3775 Henney
381 3691 464 3755 diuo
488 3692 518 3752 in
543 3693 685 3754 Patochia
701 3695 731 3753 S.
749 3693 904 3756 Michaelis
929 3695 1003 3772 (non
1021 3692 1125 3774 procui
1148 3691 1164 3756 a

137 3786 254 3868 templo
272 3783 299 3849 S.
314 3781 438 3862 Joannis
455 3777 613 3853 Zacharia,
636 3779 688 3841 ubi
704 3801 785 3844 nunc
799 3778 854 3841 stat
869 3780 950 3843 Aula
962 3779 1091 3864 Collegii
1105 3783 1164 3844 Re·

136 3875 214 3960 galis
240 3893 333 3955 prope
362 3866 532 3950 Hospitium
558 3870 591 3930 B.
614 3868 720 3930 Mariae
745 3888 785 3932 cx
806 3865 927 3950 Austro)
952 3867 1090 3953 Collegio
1112 3890 1165 3932 ex·

137 3964 280 4037 truendo,
302 3975 436 4041 votoque
451 3953 588 4037 Episcopi
607 3956 784 4036 aptioribus.
831 3959 949 4020 Horum
964 3960 982 3996 ⁴⁸
997 3974 1059 4020 erat
1075 3959 1164 4040 Capi·

136 4049 197 4118 tale
209 4048 406 4132 Mesluagium
419 4044 544 4107 Domini
559 4045 680 4121 Joannis
695 4043 733 4105 de
749 4045 949 4128 Cantabrigge
963 4045 1082 4127 Equitis
1099 4049 1166 4126 Au·

134 4141 195 4205 rati
210 4139 241 4200 dr
255 4135 410 4216 Justitiarii
433 4132 560 4194 Domini
584 4133 687 4213 Regis,
709 4132 835 4194 alterum
850 4130 910 4194 suit
924 4133 1032 4196 domus
1047 4135 1168 4210 Joannis
1188 4151 1190 4154 ⁴

86 4283 92 4293 ,
137 4225 323 4308 Goldcprne‚
347 4224 400 4286 ubi
426 4215 520 4302 prisco
543 4219 597 4283 illo
618 4215 715 4281 seculo
739 4220 868 4282 floruisse
895 4221 1019 4284 scholas
1034 4217 1166 4282 Philoso-

137 4316 242 4406 phicas
256 4308 424 4400 pervetulla
433 4307 523 4390 hujus
536 4306 666 4391 Collegii
680 4325 874 4390 monumenta
887 4305 1041 4377 testantur.
1087 4311 1168 4390 Qae

532 4422 547 4487 ‚⁶
564 4417 643 4491 Adde,
658 4435 736 4473 vuum·
1040 4393 1166 4482 ‘lusdem
