<?xml version="1.0" encoding="UTF-8"?>
<!DOCTYPE html PUBLIC "-//W3C//DTD XHTML 1.0 Transitional//EN"
    "http://www.w3.org/TR/xhtml1/DTD/xhtml1-transitional.dtd">
<html xmlns="http://www.w3.org/1999/xhtml" xml:lang="en" lang="en">
 <head>
  <title>
</title>
<meta http-equiv="Content-Type" content="text/html;charset=utf-8" />
  <meta name='ocr-system' content='tesseract 3.04.00' />
  <meta name='ocr-capabilities' content='ocr_page ocr_carea ocr_par ocr_line ocrx_word'/>
</head>
<body>
  <div class='ocr_page' id='page_1' title='image "./joannislelandia15lelagoog_0027.png"; bbox 0 0 2942 4884; ppageno 0'>
   <div class='ocr_carea' id='block_1_1' title="bbox 243 223 1247 304">
    <p class='ocr_par' dir='ltr' id='par_1_1' title="bbox 243 223 1247 304">
     <span class='ocr_line' id='line_1_1' title="bbox 243 223 1247 304; baseline 0.006 -6"><span class='ocrx_word' id='word_1_1' title='bbox 243 223 604 300; x_wconf 74' lang='lat' dir='ltr'>Assunnto</span> <span class='ocrx_word' id='word_1_2' title='bbox 647 225 968 298; x_wconf 74' lang='lat' dir='ltr'>Annuntt.</span> <span class='ocrx_word' id='word_1_3' title='bbox 1204 253 1247 304; x_wconf 70' lang='lat'>21</span> 
     </span>
    </p>
   </div>
   <div class='ocr_carea' id='block_1_2' title="bbox 15 355 1266 4465">
    <p class='ocr_par' dir='ltr' id='par_1_2' title="bbox 109 355 1128 705">
     <span class='ocr_line' id='line_1_2' title="bbox 110 355 1128 443; baseline -0.001 -22"><span class='ocrx_word' id='word_1_4' title='bbox 110 355 262 421; x_wconf 81' lang='lat' dir='ltr'>&#39;‘taudem</span> <span class='ocrx_word' id='word_1_5' title='bbox 287 375 340 439; x_wconf 85' lang='lat' dir='ltr'>per</span> <span class='ocrx_word' id='word_1_6' title='bbox 362 373 509 419; x_wconf 85' lang='lat' dir='ltr'>venenum</span> <span class='ocrx_word' id='word_1_7' title='bbox 534 356 660 420; x_wconf 86' lang='lat' dir='ltr'>Aurelio</span> <span class='ocrx_word' id='word_1_8' title='bbox 687 377 768 443; x_wconf 86' lang='lat' dir='ltr'>rege,</span> <span class='ocrx_word' id='word_1_9' title='bbox 801 358 832 419; x_wconf 84' lang='lat' dir='ltr'>8t</span> <span class='ocrx_word' id='word_1_10' title='bbox 857 371 1002 442; x_wconf 82' lang='lat' dir='ltr'>regnante</span> <span class='ocrx_word' id='word_1_11' title='bbox 1026 358 1128 440; x_wconf 82' lang='lat' dir='ltr'>paucis</span> 
     </span>
     <span class='ocr_line' id='line_1_3' title="bbox 111 443 1127 527; baseline -0.002 -19"><span class='ocrx_word' id='word_1_12' title='bbox 111 447 222 508; x_wconf 82' lang='lat' dir='ltr'>“aunis</span> <span class='ocrx_word' id='word_1_13' title='bbox 238 445 365 518; x_wconf 86' lang='lat' dir='ltr'>Uthero,</span> <span class='ocrx_word' id='word_1_14' title='bbox 390 445 453 524; x_wconf 85' lang='lat' dir='ltr'>ejus</span> <span class='ocrx_word' id='word_1_15' title='bbox 468 443 571 518; x_wconf 85' lang='lat' dir='ltr'>fratre,</span> <span class='ocrx_word' id='word_1_16' title='bbox 605 447 756 521; x_wconf 76' lang='lat' dir='ltr'>Asturius,</span> <span class='ocrx_word' id='word_1_17' title='bbox 784 445 865 509; x_wconf 86' lang='lat' dir='ltr'>filius</span> <span class='ocrx_word' id='word_1_18' title='bbox 878 447 952 527; x_wconf 84' lang='lat' dir='ltr'>ejus,</span> <span class='ocrx_word' id='word_1_19' title='bbox 982 465 1039 527; x_wconf 88' lang='lat' dir='ltr'>ope</span> <span class='ocrx_word' id='word_1_20' title='bbox 1058 449 1127 507; x_wconf 89' lang='lat' dir='ltr'>Du·</span> 
     </span>
     <span class='ocr_line' id='line_1_4' title="bbox 110 529 1126 617; baseline -0.002 -21"><span class='ocrx_word' id='word_1_21' title='bbox 110 533 221 596; x_wconf 82' lang='lat' dir='ltr'>“britii</span> <span class='ocrx_word' id='word_1_22' title='bbox 237 529 390 595; x_wconf 83' lang='lat' dir='ltr'>successit:</span> <span class='ocrx_word' id='word_1_23' title='bbox 413 533 469 614; x_wconf 87' lang='lat' dir='ltr'>qui</span> <span class='ocrx_word' id='word_1_24' title='bbox 485 535 617 594; x_wconf 82' lang='lat' dir='ltr'>Saxones</span> <span class='ocrx_word' id='word_1_25' title='bbox 628 531 773 596; x_wconf 71' lang='lat' dir='ltr'>nudasset</span> <span class='ocrx_word' id='word_1_26' title='bbox 786 533 924 616; x_wconf 87' lang='lat' dir='ltr'>pluribus</span> <span class='ocrx_word' id='word_1_27' title='bbox 947 535 1058 615; x_wconf 82' lang='lat' dir='ltr'>proeliis</span> <span class='ocrx_word' id='word_1_28' title='bbox 1073 555 1126 617; x_wconf 81' lang='lat' dir='ltr'>ag·</span> 
     </span>
     <span class='ocr_line' id='line_1_5' title="bbox 109 617 1126 705; baseline 0 -22"><span class='ocrx_word' id='word_1_29' title='bbox 109 618 250 704; x_wconf 20' lang='lat' dir='ltr'>“ugreffus</span> <span class='ocrx_word' id='word_1_30' title='bbox 263 617 318 694; x_wconf 87' lang='lat' dir='ltr'>est,</span> <span class='ocrx_word' id='word_1_31' title='bbox 341 639 394 682; x_wconf 88' lang='lat' dir='ltr'>nec</span> <span class='ocrx_word' id='word_1_32' title='bbox 410 635 508 682; x_wconf 89' lang='lat' dir='ltr'>tamen</span> <span class='ocrx_word' id='word_1_33' title='bbox 523 619 590 682; x_wconf 83' lang='lat' dir='ltr'>illos</span> <span class='ocrx_word' id='word_1_34' title='bbox 606 617 622 681; x_wconf 72' lang='grc' dir='ltr'><em>ὲ</em></span> <span class='ocrx_word' id='word_1_35' title='bbox 636 638 730 705; x_wconf 83' lang='lat' dir='ltr'>regno</span> <span class='ocrx_word' id='word_1_36' title='bbox 744 620 884 684; x_wconf 79' lang='lat' dir='ltr'>funditus</span> <span class='ocrx_word' id='word_1_37' title='bbox 897 621 1057 704; x_wconf 83' lang='lat' dir='ltr'>exstirpate</span> <span class='ocrx_word' id='word_1_38' title='bbox 1073 641 1126 703; x_wconf 92' lang='lat' dir='ltr'>po·</span> 
     </span>
    </p>

    <p class='ocr_par' dir='ltr' id='par_1_3' title="bbox 31 707 1126 792">
     <span class='ocr_line' id='line_1_6' title="bbox 31 707 1126 792; baseline 0.001 -22"><span class='ocrx_word' id='word_1_39' title='bbox 31 725 32 728; x_wconf 72' lang='grc'>’</span> <span class='ocrx_word' id='word_1_40' title='bbox 109 716 129 747; x_wconf 83' lang='grc'><strong><em>“</em></strong></span> <span class='ocrx_word' id='word_1_41' title='bbox 142 710 208 770; x_wconf 85' lang='lat' dir='ltr'>tuit.</span> <span class='ocrx_word' id='word_1_42' title='bbox 253 707 496 792; x_wconf 68' lang='lat' dir='ltr'>subjugaverant</span> <span class='ocrx_word' id='word_1_43' title='bbox 517 709 599 770; x_wconf 86' lang='lat' dir='ltr'>enirn</span> <span class='ocrx_word' id='word_1_44' title='bbox 617 707 673 771; x_wconf 79' lang='lat' dir='ltr'>sabi</span> <span class='ocrx_word' id='word_1_45' title='bbox 695 708 829 773; x_wconf 76' lang='lat' dir='ltr'>Saxones</span> <span class='ocrx_word' id='word_1_46' title='bbox 845 725 937 772; x_wconf 86' lang='lat' dir='ltr'>totam</span> <span class='ocrx_word' id='word_1_47' title='bbox 954 715 1067 790; x_wconf 87' lang='lat' dir='ltr'>p&#39;artem</span> <span class='ocrx_word' id='word_1_48' title='bbox 1080 711 1126 771; x_wconf 93' lang='lat' dir='ltr'>in·</span> 
     </span>
    </p>

    <p class='ocr_par' dir='ltr' id='par_1_4' title="bbox 30 789 1127 880">
     <span class='ocr_line' id='line_1_7' title="bbox 30 789 1127 880; baseline 0 -22"><span class='ocrx_word' id='word_1_49' title='bbox 30 867 31 870; x_wconf 8' lang='grc' dir='ltr'><strong>Ἴ</strong></span> <span class='ocrx_word' id='word_1_50' title='bbox 108 802 129 834; x_wconf 84' lang='grc'><strong>“</strong></span> <span class='ocrx_word' id='word_1_51' title='bbox 141 791 219 871; x_wconf 84' lang='lat' dir='ltr'>sulae,</span> <span class='ocrx_word' id='word_1_52' title='bbox 243 814 316 880; x_wconf 83' lang='lat' dir='ltr'>quae</span> <span class='ocrx_word' id='word_1_53' title='bbox 329 793 367 857; x_wconf 87' lang='lat' dir='ltr'>ab</span> <span class='ocrx_word' id='word_1_54' title='bbox 386 795 526 860; x_wconf 89' lang='lat' dir='ltr'>Humbro</span> <span class='ocrx_word' id='word_1_55' title='bbox 540 789 663 859; x_wconf 85' lang='lat' dir='ltr'>flumine</span> <span class='ocrx_word' id='word_1_56' title='bbox 678 793 822 879; x_wconf 83' lang='lat' dir='ltr'>usquead</span> <span class='ocrx_word' id='word_1_57' title='bbox 839 796 1075 860; x_wconf 84' lang='lat' dir='ltr'>Cattenessinum</span> <span class='ocrx_word' id='word_1_58' title='bbox 1087 818 1127 858; x_wconf 80' lang='lat' dir='ltr'>rc·</span> 
     </span>
    </p>

    <p class='ocr_par' dir='ltr' id='par_1_5' title="bbox 29 884 1126 970">
     <span class='ocr_line' id='line_1_8' title="bbox 29 884 1126 970; baseline -0.001 -24"><span class='ocrx_word' id='word_1_59' title='bbox 29 945 30 970; x_wconf 65' lang='lat'>,</span> <span class='ocrx_word' id='word_1_60' title='bbox 107 891 128 920; x_wconf 85' lang='lat'>‘¹</span> <span class='ocrx_word' id='word_1_61' title='bbox 145 903 225 966; x_wconf 89' lang='lat' dir='ltr'>quot</span> <span class='ocrx_word' id='word_1_62' title='bbox 241 884 441 968; x_wconf 82' lang='lat' dir='ltr'>protenditur.</span> <span class='ocrx_word' id='word_1_63' title='bbox 467 885 511 946; x_wconf 88' lang='lat' dir='ltr'>Ea</span> <span class='ocrx_word' id='word_1_64' title='bbox 520 899 642 968; x_wconf 90' lang='lat' dir='ltr'>propter</span> <span class='ocrx_word' id='word_1_65' title='bbox 653 887 823 948; x_wconf 86' lang='lat' dir='ltr'>convocatis</span> <span class='ocrx_word' id='word_1_66' title='bbox 838 888 923 970; x_wconf 81' lang='lat' dir='ltr'>regni</span> <span class='ocrx_word' id='word_1_67' title='bbox 937 886 1126 968; x_wconf 84' lang='lat' dir='ltr'>primatibus,</span> 
     </span>
    </p>

    <p class='ocr_par' dir='ltr' id='par_1_6' title="bbox 28 969 1127 1056">
     <span class='ocr_line' id='line_1_9' title="bbox 28 969 1127 1056; baseline 0.002 -24"><span class='ocrx_word' id='word_1_68' title='bbox 28 979 30 1032; x_wconf 77' lang='lat' dir='ltr'>t</span> <span class='ocrx_word' id='word_1_69' title='bbox 108 971 215 1053; x_wconf 84' lang='lat' dir='ltr'>“quid</span> <span class='ocrx_word' id='word_1_70' title='bbox 231 969 414 1054; x_wconf 82' lang='lat' dir='ltr'>potissimum</span> <span class='ocrx_word' id='word_1_71' title='bbox 429 986 532 1034; x_wconf 88' lang='lat' dir='ltr'>contra</span> <span class='ocrx_word' id='word_1_72' title='bbox 552 989 735 1055; x_wconf 86' lang='lat' dir='ltr'>paganorum</span> <span class='ocrx_word' id='word_1_73' title='bbox 753 976 907 1036; x_wconf 80' lang='lat' dir='ltr'><strong>Saxonum</strong></span> <span class='ocrx_word' id='word_1_74' title='bbox 929 975 1127 1056; x_wconf 82' lang='lat' dir='ltr'>irruptionem</span> 
     </span>
    </p>

    <p class='ocr_par' dir='ltr' id='par_1_7' title="bbox 62 1055 1265 1133">
     <span class='ocr_line' id='line_1_10' title="bbox 62 1055 1265 1133; baseline 0.001 -13"><span class='ocrx_word' id='word_1_75' title='bbox 62 1083 65 1094; x_wconf 94' lang='lat'>·</span> <span class='ocrx_word' id='word_1_76' title='bbox 108 1067 128 1096; x_wconf 77' lang='lat'>‘⁶</span> <span class='ocrx_word' id='word_1_77' title='bbox 140 1057 263 1133; x_wconf 82' lang='lat' dir='ltr'>faceret,</span> <span class='ocrx_word' id='word_1_78' title='bbox 286 1055 446 1123; x_wconf 86' lang='lat' dir='ltr'>consuluit.</span> <span class='ocrx_word' id='word_1_79' title='bbox 491 1063 650 1123; x_wconf 86' lang='lat' dir='ltr'>Communi</span> <span class='ocrx_word' id='word_1_80' title='bbox 676 1061 799 1124; x_wconf 84' lang='lat' dir='ltr'>tandem</span> <span class='ocrx_word' id='word_1_81' title='bbox 818 1061 945 1124; x_wconf 74' lang='lat' dir='ltr'>consilio</span> <span class='ocrx_word' id='word_1_82' title='bbox 967 1064 1064 1123; x_wconf 86' lang='lat' dir='ltr'>mittit</span> <span class='ocrx_word' id='word_1_83' title='bbox 1088 1059 1265 1122; x_wconf 72' lang='lat' dir='ltr'>antone-⁸⁶</span> 
     </span>
    </p>

    <p class='ocr_par' dir='ltr' id='par_1_8' title="bbox 107 1146 1128 1410">
     <span class='ocr_line' id='line_1_11' title="bbox 109 1146 1128 1224; baseline -0.001 -13"><span class='ocrx_word' id='word_1_84' title='bbox 109 1153 129 1188; x_wconf 87' lang='lat'><strong>“</strong></span> <span class='ocrx_word' id='word_1_85' title='bbox 142 1149 344 1221; x_wconf 83' lang='lat' dir='ltr'>Amtoricatn,</span> <span class='ocrx_word' id='word_1_86' title='bbox 368 1146 399 1209; x_wconf 93' lang='lat' dir='ltr'>id</span> <span class='ocrx_word' id='word_1_87' title='bbox 415 1146 466 1222; x_wconf 86' lang='lat' dir='ltr'>est,</span> <span class='ocrx_word' id='word_1_88' title='bbox 491 1149 640 1212; x_wconf 81' lang='lat' dir='ltr'>Minorem</span> <span class='ocrx_word' id='word_1_89' title='bbox 655 1147 853 1224; x_wconf 80' lang='lat' dir='ltr'>Britanniam,</span> <span class='ocrx_word' id='word_1_90' title='bbox 877 1147 915 1210; x_wconf 83' lang='lat' dir='ltr'>ad</span> <span class='ocrx_word' id='word_1_91' title='bbox 934 1147 1066 1212; x_wconf 67' lang='lat' dir='ltr'>flottam</span> <span class='ocrx_word' id='word_1_92' title='bbox 1081 1167 1128 1210; x_wconf 83' lang='lat' dir='ltr'>re-</span> 
     </span>
     <span class='ocr_line' id='line_1_12' title="bbox 108 1235 1125 1318; baseline 0.003 -20"><span class='ocrx_word' id='word_1_93' title='bbox 108 1239 213 1318; x_wconf 85' lang='lat' dir='ltr'>“gem</span> <span class='ocrx_word' id='word_1_94' title='bbox 227 1235 363 1309; x_wconf 84' lang='lat' dir='ltr'>nuncios,</span> <span class='ocrx_word' id='word_1_95' title='bbox 379 1237 432 1318; x_wconf 85' lang='lat' dir='ltr'>qui</span> <span class='ocrx_word' id='word_1_96' title='bbox 445 1238 473 1297; x_wconf 83' lang='lat' dir='ltr'>ei</span> <span class='ocrx_word' id='word_1_97' title='bbox 484 1236 681 1299; x_wconf 83' lang='lat' dir='ltr'>calamitatem</span> <span class='ocrx_word' id='word_1_98' title='bbox 697 1236 857 1299; x_wconf 85' lang='lat' dir='ltr'>Britanniae</span> <span class='ocrx_word' id='word_1_99' title='bbox 872 1252 976 1298; x_wconf 90' lang='lat' dir='ltr'>notam</span> <span class='ocrx_word' id='word_1_100' title='bbox 985 1236 1125 1301; x_wconf 68' lang='lat' dir='ltr'>facum</span> 
     </span>
     <span class='ocr_line' id='line_1_13' title="bbox 107 1322 1127 1410; baseline -0.001 -23"><span class='ocrx_word' id='word_1_101' title='bbox 107 1328 127 1360; x_wconf 89' lang='lat'>“</span> <span class='ocrx_word' id='word_1_102' title='bbox 141 1324 204 1410; x_wconf 84' lang='lat' dir='ltr'>Qti</span> <span class='ocrx_word' id='word_1_103' title='bbox 224 1337 303 1387; x_wconf 84' lang='lat' dir='ltr'>cum·</span> <span class='ocrx_word' id='word_1_104' title='bbox 318 1322 491 1406; x_wconf 83' lang='lat' dir='ltr'>quindecim</span> <span class='ocrx_word' id='word_1_105' title='bbox 507 1324 638 1388; x_wconf 84' lang='lat' dir='ltr'>millibus</span> <span class='ocrx_word' id='word_1_106' title='bbox 660 1340 845 1388; x_wconf 87' lang='lat' dir='ltr'>armatorum</span> <span class='ocrx_word' id='word_1_107' title='bbox 870 1324 1058 1387; x_wconf 84' lang='lat' dir='ltr'>Britanniam</span> <span class='ocrx_word' id='word_1_108' title='bbox 1077 1345 1127 1386; x_wconf 85' lang='lat' dir='ltr'>ve·</span> 
     </span>
    </p>

    <p class='ocr_par' dir='ltr' id='par_1_9' title="bbox 24 1391 1127 1664">
     <span class='ocr_line' id='line_1_14' title="bbox 24 1391 1127 1495; baseline 0.002 -22"><span class='ocrx_word' id='word_1_109' title='bbox 24 1457 25 1464; x_wconf 48' lang='lat'>,</span> <span class='ocrx_word' id='word_1_110' title='bbox 106 1416 127 1447; x_wconf 89' lang='lat'>“</span> <span class='ocrx_word' id='word_1_111' title='bbox 141 1413 236 1486; x_wconf 80' lang='lat' dir='ltr'>niens,</span> <span class='ocrx_word' id='word_1_112' title='bbox 259 1412 299 1474; x_wconf 85' lang='lat' dir='ltr'>ab</span> <span class='ocrx_word' id='word_1_113' title='bbox 313 1413 438 1474; x_wconf 85' lang='lat' dir='ltr'>Atturio</span> <span class='ocrx_word' id='word_1_114' title='bbox 452 1414 482 1474; x_wconf 76' lang='grc' dir='ltr'>δι</span> <span class='ocrx_word' id='word_1_115' title='bbox 497 1415 538 1474; x_wconf 91' lang='lat' dir='ltr'>D.</span> <span class='ocrx_word' id='word_1_116' title='bbox 556 1412 702 1476; x_wconf 91' lang='lat' dir='ltr'>Dubritio</span> <span class='ocrx_word' id='word_1_117' title='bbox 723 1391 894 1475; x_wconf 66' lang='lat' dir='ltr'>&#39;honorifice</span> <span class='ocrx_word' id='word_1_118' title='bbox 907 1409 924 1473; x_wconf 92' lang='lat' dir='ltr'>s</span> <span class='ocrx_word' id='word_1_119' title='bbox 921 1409 1072 1495; x_wconf 86' lang='lat' dir='ltr'>usceptus,</span> <span class='ocrx_word' id='word_1_120' title='bbox 1086 1413 1127 1475; x_wconf 84' lang='lat' dir='ltr'>ad</span> 
     </span>
     <span class='ocr_line' id='line_1_15' title="bbox 108 1495 1126 1582; baseline 0 -20"><span class='ocrx_word' id='word_1_121' title='bbox 108 1505 126 1536; x_wconf 90' lang='grc'><strong>“</strong></span> <span class='ocrx_word' id='word_1_122' title='bbox 140 1499 250 1562; x_wconf 86' lang='lat' dir='ltr'>urbem</span> <span class='ocrx_word' id='word_1_123' title='bbox 262 1496 516 1576; x_wconf 86' lang='lat' dir='ltr'>Lindocollinum,</span> <span class='ocrx_word' id='word_1_124' title='bbox 526 1497 543 1561; x_wconf 72' lang='lat' dir='ltr'>n</span> <span class='ocrx_word' id='word_1_125' title='bbox 555 1500 723 1562; x_wconf 78' lang='lat' dir='ltr'>saxonibus</span> <span class='ocrx_word' id='word_1_126' title='bbox 734 1495 886 1576; x_wconf 76' lang='lat' dir='ltr'>obsessam,</span> <span class='ocrx_word' id='word_1_127' title='bbox 898 1497 1126 1582; x_wconf 68' lang='lat' dir='ltr'>proficiscemur,</span> 
     </span>
     <span class='ocr_line' id='line_1_16' title="bbox 108 1584 1125 1664; baseline 0.001 -15"><span class='ocrx_word' id='word_1_128' title='bbox 108 1593 126 1624; x_wconf 81' lang='lat'>‘⁶</span> <span class='ocrx_word' id='word_1_129' title='bbox 140 1585 296 1650; x_wconf 81' lang='lat' dir='ltr'>commisso</span> <span class='ocrx_word' id='word_1_130' title='bbox 307 1585 400 1664; x_wconf 81' lang='lat' dir='ltr'>besso,</span> <span class='ocrx_word' id='word_1_131' title='bbox 424 1584 474 1650; x_wconf 86' lang='lat' dir='ltr'>sex</span> <span class='ocrx_word' id='word_1_132' title='bbox 488 1585 582 1650; x_wconf 81' lang='lat' dir='ltr'>millia</span> <span class='ocrx_word' id='word_1_133' title='bbox 594 1590 750 1651; x_wconf 85' lang='lat' dir='ltr'>Saxonum</span> <span class='ocrx_word' id='word_1_134' title='bbox 761 1589 808 1652; x_wconf 84' lang='lat' dir='ltr'>rel</span> <span class='ocrx_word' id='word_1_135' title='bbox 822 1584 975 1662; x_wconf 74' lang='lat' dir='ltr'>submersi,</span> <span class='ocrx_word' id='word_1_136' title='bbox 992 1589 1041 1650; x_wconf 86' lang='lat' dir='ltr'>vel</span> <span class='ocrx_word' id='word_1_137' title='bbox 1058 1588 1125 1650; x_wconf 80' lang='lat' dir='ltr'>telis</span> 
     </span>
    </p>

    <p class='ocr_par' dir='ltr' id='par_1_10' title="bbox 21 1672 1130 1934">
     <span class='ocr_line' id='line_1_17' title="bbox 21 1672 1129 1759; baseline 0 -23"><span class='ocrx_word' id='word_1_138' title='bbox 21 1745 22 1752; x_wconf 8' lang='grc' dir='ltr'>ἵ</span> <span class='ocrx_word' id='word_1_139' title='bbox 107 1679 128 1710; x_wconf 85' lang='grc'><strong>“</strong></span> <span class='ocrx_word' id='word_1_140' title='bbox 138 1673 265 1757; x_wconf 73' lang='lat' dir='ltr'>petcuss&#39;r</span> <span class='ocrx_word' id='word_1_141' title='bbox 283 1673 446 1756; x_wconf 83' lang='lat' dir='ltr'>perierunt.</span> <span class='ocrx_word' id='word_1_142' title='bbox 492 1675 592 1738; x_wconf 86' lang='lat' dir='ltr'>Ceteri</span> <span class='ocrx_word' id='word_1_143' title='bbox 608 1695 679 1738; x_wconf 85' lang='lat' dir='ltr'>veto</span> <span class='ocrx_word' id='word_1_144' title='bbox 692 1677 730 1738; x_wconf 89' lang='lat' dir='ltr'>ad</span> <span class='ocrx_word' id='word_1_145' title='bbox 744 1695 853 1739; x_wconf 88' lang='lat' dir='ltr'>nemus</span> <span class='ocrx_word' id='word_1_146' title='bbox 869 1676 1028 1737; x_wconf 85' lang='lat' dir='ltr'>Caledonis</span> <span class='ocrx_word' id='word_1_147' title='bbox 1047 1672 1129 1759; x_wconf 78' lang='lat' dir='ltr'>fugi-</span> 
     </span>
     <span class='ocr_line' id='line_1_18' title="bbox 107 1759 1130 1837; baseline 0.001 -13"><span class='ocrx_word' id='word_1_148' title='bbox 107 1768 127 1799; x_wconf 86' lang='lat'><strong><em>“</em></strong></span> <span class='ocrx_word' id='word_1_149' title='bbox 141 1777 234 1837; x_wconf 83' lang='lat' dir='ltr'>entes,</span> <span class='ocrx_word' id='word_1_150' title='bbox 258 1759 277 1824; x_wconf 73' lang='grc' dir='ltr'>ὲ</span> <span class='ocrx_word' id='word_1_151' title='bbox 299 1762 447 1826; x_wconf 82' lang='lat' dir='ltr'>Britannia</span> <span class='ocrx_word' id='word_1_152' title='bbox 473 1761 574 1826; x_wconf 84' lang='lat' dir='ltr'>obsesst</span> <span class='ocrx_word' id='word_1_153' title='bbox 597 1764 635 1826; x_wconf 90' lang='lat' dir='ltr'>ad</span> <span class='ocrx_word' id='word_1_154' title='bbox 661 1763 845 1827; x_wconf 88' lang='lat' dir='ltr'>deditionem</span> <span class='ocrx_word' id='word_1_155' title='bbox 868 1763 1074 1826; x_wconf 67' lang='lat' dir='ltr'>coauctam:</span> <span class='ocrx_word' id='word_1_156' title='bbox 1098 1765 1130 1825; x_wconf 73' lang='lat' dir='ltr'>st</span> 
     </span>
     <span class='ocr_line' id='line_1_19' title="bbox 106 1846 1127 1934; baseline -0.001 -21"><span class='ocrx_word' id='word_1_157' title='bbox 106 1856 127 1886; x_wconf 83' lang='grc'>“</span> <span class='ocrx_word' id='word_1_158' title='bbox 141 1846 283 1934; x_wconf 84' lang='lat' dir='ltr'>susceptis·</span> <span class='ocrx_word' id='word_1_159' title='bbox 294 1849 451 1914; x_wconf 81' lang='lat' dir='ltr'>obsrdibus</span> <span class='ocrx_word' id='word_1_160' title='bbox 462 1851 502 1915; x_wconf 90' lang='lat' dir='ltr'>de</span> <span class='ocrx_word' id='word_1_161' title='bbox 518 1849 633 1916; x_wconf 86' lang='lat' dir='ltr'>tributo</span> <span class='ocrx_word' id='word_1_162' title='bbox 646 1852 801 1915; x_wconf 83' lang='lat' dir='ltr'>annuatim</span> <span class='ocrx_word' id='word_1_163' title='bbox 816 1849 958 1915; x_wconf 75' lang='lat' dir='ltr'>soluendo</span> <span class='ocrx_word' id='word_1_164' title='bbox 972 1871 1043 1914; x_wconf 89' lang='lat' dir='ltr'>cum</span> <span class='ocrx_word' id='word_1_165' title='bbox 1059 1848 1127 1912; x_wconf 84' lang='lat' dir='ltr'>solis</span> 
     </span>
    </p>

    <p class='ocr_par' dir='ltr' id='par_1_11' title="bbox 19 1937 1127 2286">
     <span class='ocr_line' id='line_1_20' title="bbox 19 1937 1127 2023; baseline -0.001 -21"><span class='ocrx_word' id='word_1_166' title='bbox 19 1965 20 1976; x_wconf 56' lang='lat'>,</span> <span class='ocrx_word' id='word_1_167' title='bbox 106 1944 126 1974; x_wconf 81' lang='lat'>‘⁸</span> <span class='ocrx_word' id='word_1_168' title='bbox 139 1937 265 2002; x_wconf 81' lang='lat' dir='ltr'>navibus</span> <span class='ocrx_word' id='word_1_169' title='bbox 278 1956 330 2002; x_wconf 80' lang='lat' dir='ltr'>eos</span> <span class='ocrx_word' id='word_1_170' title='bbox 342 1940 467 2020; x_wconf 79' lang='lat' dir='ltr'>patriam</span> <span class='ocrx_word' id='word_1_171' title='bbox 479 1955 610 2021; x_wconf 84' lang='lat' dir='ltr'>repetere</span> <span class='ocrx_word' id='word_1_172' title='bbox 621 1939 764 2023; x_wconf 83' lang='lat' dir='ltr'>permistt.</span> <span class='ocrx_word' id='word_1_173' title='bbox 792 1937 902 2022; x_wconf 78' lang='lat' dir='ltr'>Elapso</span> <span class='ocrx_word' id='word_1_174' title='bbox 917 1938 1127 2022; x_wconf 78' lang='lat' dir='ltr'>parvodeinde</span> 
     </span>
     <span class='ocr_line' id='line_1_21' title="bbox 106 2023 1124 2110; baseline 0.001 -22"><span class='ocrx_word' id='word_1_175' title='bbox 106 2031 126 2062; x_wconf 83' lang='lat'>‘¹</span> <span class='ocrx_word' id='word_1_176' title='bbox 140 2041 287 2108; x_wconf 88' lang='lat' dir='ltr'>tempore,</span> <span class='ocrx_word' id='word_1_177' title='bbox 307 2025 432 2108; x_wconf 69' lang='lat' dir='ltr'>perustae</span> <span class='ocrx_word' id='word_1_178' title='bbox 446 2023 592 2108; x_wconf 73' lang='lat' dir='ltr'>pastionis</span> <span class='ocrx_word' id='word_1_179' title='bbox 605 2030 734 2090; x_wconf 82' lang='lat' dir='ltr'>Saxones</span> <span class='ocrx_word' id='word_1_180' title='bbox 751 2029 870 2110; x_wconf 91' lang='lat' dir='ltr'>puduit,</span> <span class='ocrx_word' id='word_1_181' title='bbox 894 2029 934 2101; x_wconf 85' lang='lat'>&amp;,</span> <span class='ocrx_word' id='word_1_182' title='bbox 951 2027 1064 2088; x_wconf 83' lang='lat' dir='ltr'>viribus</span> <span class='ocrx_word' id='word_1_183' title='bbox 1078 2047 1124 2089; x_wconf 86' lang='lat' dir='ltr'>re·</span> 
     </span>
     <span class='ocr_line' id='line_1_22' title="bbox 107 2111 1126 2198; baseline 0.001 -23"><span class='ocrx_word' id='word_1_184' title='bbox 107 2120 126 2150; x_wconf 80' lang='lat'>‘⁶</span> <span class='ocrx_word' id='word_1_185' title='bbox 140 2115 260 2196; x_wconf 83' lang='lat' dir='ltr'>paratis,</span> <span class='ocrx_word' id='word_1_186' title='bbox 282 2111 384 2176; x_wconf 86' lang='lat' dir='ltr'>soedus</span> <span class='ocrx_word' id='word_1_187' title='bbox 403 2111 489 2178; x_wconf 87' lang='lat' dir='ltr'>suum</span> <span class='ocrx_word' id='word_1_188' title='bbox 512 2115 629 2178; x_wconf 91' lang='lat' dir='ltr'>irritum</span> <span class='ocrx_word' id='word_1_189' title='bbox 644 2113 790 2190; x_wconf 84' lang='lat' dir='ltr'>fecerunt,</span> <span class='ocrx_word' id='word_1_190' title='bbox 813 2115 980 2198; x_wconf 85' lang='lat' dir='ltr'>urbemque</span> <span class='ocrx_word' id='word_1_191' title='bbox 995 2116 1126 2176; x_wconf 82' lang='lat' dir='ltr'>Btdouis</span> 
     </span>
     <span class='ocr_line' id='line_1_23' title="bbox 107 2200 1125 2286; baseline 0 -22"><span class='ocrx_word' id='word_1_192' title='bbox 107 2207 128 2238; x_wconf 86' lang='lat'><strong>“</strong></span> <span class='ocrx_word' id='word_1_193' title='bbox 140 2200 295 2265; x_wconf 88' lang='lat' dir='ltr'>obsrdione</span> <span class='ocrx_word' id='word_1_194' title='bbox 309 2201 428 2276; x_wconf 79' lang='lat' dir='ltr'>vallant,</span> <span class='ocrx_word' id='word_1_195' title='bbox 444 2221 515 2286; x_wconf 85' lang='lat' dir='ltr'>quae</span> <span class='ocrx_word' id='word_1_196' title='bbox 529 2221 609 2266; x_wconf 89' lang='lat' dir='ltr'>nunc</span> <span class='ocrx_word' id='word_1_197' title='bbox 620 2203 767 2266; x_wconf 85' lang='lat' dir='ltr'>Bathonia</span> <span class='ocrx_word' id='word_1_198' title='bbox 778 2203 910 2266; x_wconf 89' lang='lat' dir='ltr'>dicitur:</span> <span class='ocrx_word' id='word_1_199' title='bbox 934 2223 998 2286; x_wconf 89' lang='lat' dir='ltr'>quo</span> <span class='ocrx_word' id='word_1_200' title='bbox 1007 2202 1125 2277; x_wconf 84' lang='lat' dir='ltr'>audito,</span> 
     </span>
    </p>

    <p class='ocr_par' dir='ltr' id='par_1_12' title="bbox 16 2287 1124 2376">
     <span class='ocr_line' id='line_1_24' title="bbox 16 2287 1124 2376; baseline 0.002 -26"><span class='ocrx_word' id='word_1_201' title='bbox 16 2311 17 2350; x_wconf 80' lang='lat'><em>3</em></span> <span class='ocrx_word' id='word_1_202' title='bbox 105 2296 126 2326; x_wconf 79' lang='lat'>‘⁸</span> <span class='ocrx_word' id='word_1_203' title='bbox 138 2289 293 2365; x_wconf 80' lang='lat' dir='ltr'>Artorius,</span> <span class='ocrx_word' id='word_1_204' title='bbox 315 2306 499 2376; x_wconf 85' lang='lat' dir='ltr'>congregato</span> <span class='ocrx_word' id='word_1_205' title='bbox 511 2293 654 2362; x_wconf 80' lang='lat' dir='ltr'>exercitu,</span> <span class='ocrx_word' id='word_1_206' title='bbox 677 2287 842 2373; x_wconf 78' lang='lat' dir='ltr'>conspesiis</span> <span class='ocrx_word' id='word_1_207' title='bbox 864 2288 994 2354; x_wconf 88' lang='lat' dir='ltr'>hostium</span> <span class='ocrx_word' id='word_1_208' title='bbox 1013 2287 1124 2364; x_wconf 83' lang='lat' dir='ltr'>castris,</span> 
     </span>
    </p>

    <p class='ocr_par' dir='ltr' id='par_1_13' title="bbox 15 2375 1127 2462">
     <span class='ocr_line' id='line_1_25' title="bbox 15 2375 1127 2462; baseline -0.001 -20"><span class='ocrx_word' id='word_1_209' title='bbox 15 2379 18 2460; x_wconf 57' lang='lat'>,¹</span> <span class='ocrx_word' id='word_1_210' title='bbox 105 2385 127 2415; x_wconf 80' lang='lat'>‘⁸</span> <span class='ocrx_word' id='word_1_211' title='bbox 140 2377 180 2442; x_wconf 85' lang='lat' dir='ltr'>fic</span> <span class='ocrx_word' id='word_1_212' title='bbox 195 2378 378 2462; x_wconf 82' lang='lat' dir='ltr'>alloquiturt</span> <span class='ocrx_word' id='word_1_213' title='bbox 403 2379 547 2458; x_wconf 67' lang='lat' dir='ltr'>Quarum</span> <span class='ocrx_word' id='word_1_214' title='bbox 557 2375 707 2462; x_wconf 69' lang='lat' dir='ltr'>impirffimi</span> <span class='ocrx_word' id='word_1_215' title='bbox 718 2381 847 2442; x_wconf 82' lang='lat' dir='ltr'>Saxones</span> <span class='ocrx_word' id='word_1_216' title='bbox 852 2378 945 2462; x_wconf 78' lang='lat' dir='ltr'>fidem</span> <span class='ocrx_word' id='word_1_217' title='bbox 955 2375 1027 2440; x_wconf 83' lang='lat' dir='ltr'>mihi</span> <span class='ocrx_word' id='word_1_218' title='bbox 1036 2379 1127 2460; x_wconf 78' lang='lat' dir='ltr'>obser·</span> 
     </span>
    </p>

    <p class='ocr_par' dir='ltr' id='par_1_14' title="bbox 15 2463 1126 2551">
     <span class='ocr_line' id='line_1_26' title="bbox 15 2463 1126 2551; baseline -0.003 -21"><span class='ocrx_word' id='word_1_219' title='bbox 15 2465 17 2540; x_wconf 65' lang='lat' dir='ltr'>i</span> <span class='ocrx_word' id='word_1_220' title='bbox 105 2473 128 2504; x_wconf 90' lang='grc'>“</span> <span class='ocrx_word' id='word_1_221' title='bbox 142 2489 219 2530; x_wconf 83' lang='lat' dir='ltr'>vare</span> <span class='ocrx_word' id='word_1_222' title='bbox 231 2463 443 2549; x_wconf 80' lang='lat' dir='ltr'>dedignantur,</span> <span class='ocrx_word' id='word_1_223' title='bbox 466 2466 608 2550; x_wconf 80' lang='lat' dir='ltr'>egofidem</span> <span class='ocrx_word' id='word_1_224' title='bbox 619 2471 680 2529; x_wconf 81' lang='lat' dir='ltr'>Deo</span> <span class='ocrx_word' id='word_1_225' title='bbox 693 2468 889 2551; x_wconf 70' lang='lat' dir='ltr'>menstruam</span> <span class='ocrx_word' id='word_1_226' title='bbox 899 2468 1069 2548; x_wconf 69' lang='lat' dir='ltr'>sanquinem</span> <span class='ocrx_word' id='word_1_227' title='bbox 1084 2467 1126 2530; x_wconf 84' lang='lat' dir='ltr'>ci·</span> 
     </span>
    </p>

    <p class='ocr_par' dir='ltr' id='par_1_15' title="bbox 15 2547 1128 2639">
     <span class='ocr_line' id='line_1_27' title="bbox 15 2547 1128 2639; baseline -0.002 -21"><span class='ocrx_word' id='word_1_228' title='bbox 15 2547 17 2594; x_wconf 61' lang='lat'>³</span> <span class='ocrx_word' id='word_1_229' title='bbox 105 2560 126 2590; x_wconf 79' lang='lat'>‘⁴</span> <span class='ocrx_word' id='word_1_230' title='bbox 141 2558 222 2618; x_wconf 79' lang='lat' dir='ltr'>vium</span> <span class='ocrx_word' id='word_1_231' title='bbox 233 2575 361 2618; x_wconf 84' lang='lat' dir='ltr'>meorum</span> <span class='ocrx_word' id='word_1_232' title='bbox 375 2555 469 2636; x_wconf 82' lang='lat' dir='ltr'>ulcisci</span> <span class='ocrx_word' id='word_1_233' title='bbox 483 2556 613 2618; x_wconf 80' lang='lat' dir='ltr'>conabor.</span> <span class='ocrx_word' id='word_1_234' title='bbox 659 2555 826 2620; x_wconf 82' lang='lat' dir='ltr'>Proditores</span> <span class='ocrx_word' id='word_1_235' title='bbox 840 2577 908 2639; x_wconf 78' lang='lat' dir='ltr'>ergo</span> <span class='ocrx_word' id='word_1_236' title='bbox 922 2555 985 2635; x_wconf 81' lang='lat' dir='ltr'>istut</span> <span class='ocrx_word' id='word_1_237' title='bbox 994 2554 1128 2618; x_wconf 80' lang='lat' dir='ltr'>uiriliter</span> 
     </span>
    </p>

    <p class='ocr_par' dir='ltr' id='par_1_16' title="bbox 15 2640 1266 3782">
     <span class='ocr_line' id='line_1_28' title="bbox 15 2640 1126 2730; baseline -0.002 -24"><span class='ocrx_word' id='word_1_238' title='bbox 15 2703 17 2730; x_wconf 37' lang='grc' dir='ltr'>ς</span> <span class='ocrx_word' id='word_1_239' title='bbox 104 2644 125 2680; x_wconf 80' lang='grc'><strong>“</strong></span> <span class='ocrx_word' id='word_1_240' title='bbox 138 2641 358 2727; x_wconf 78' lang='lat' dir='ltr'>aggrediamur,</span> <span class='ocrx_word' id='word_1_241' title='bbox 373 2665 441 2726; x_wconf 86' lang='lat' dir='ltr'>quos</span> <span class='ocrx_word' id='word_1_242' title='bbox 452 2643 555 2723; x_wconf 70' lang='lat' dir='ltr'>praetr!</span> <span class='ocrx_word' id='word_1_243' title='bbox 566 2643 657 2716; x_wconf 85' lang='lat' dir='ltr'>dubio,</span> <span class='ocrx_word' id='word_1_244' title='bbox 665 2640 858 2728; x_wconf 80' lang='lat' dir='ltr'>suffragante</span> <span class='ocrx_word' id='word_1_245' title='bbox 871 2645 988 2723; x_wconf 73' lang='lat' dir='ltr'>Christo,</span> <span class='ocrx_word' id='word_1_246' title='bbox 999 2665 1065 2706; x_wconf 86' lang='lat' dir='ltr'>cum</span> <span class='ocrx_word' id='word_1_247' title='bbox 1074 2663 1126 2704; x_wconf 85' lang='lat' dir='ltr'>va·</span> 
     </span>
     <span class='ocr_line' id='line_1_29' title="bbox 106 2730 1126 2811; baseline -0.002 -19"><span class='ocrx_word' id='word_1_248' title='bbox 106 2736 127 2766; x_wconf 81' lang='lat'>‘⁴</span> <span class='ocrx_word' id='word_1_249' title='bbox 141 2733 204 2794; x_wconf 85' lang='lat' dir='ltr'>tivo</span> <span class='ocrx_word' id='word_1_250' title='bbox 215 2730 361 2811; x_wconf 60' lang='lat' dir='ltr'>triumpho</span> <span class='ocrx_word' id='word_1_251' title='bbox 374 2732 588 2794; x_wconf 83' lang='lat' dir='ltr'>devincemut.”</span> <span class='ocrx_word' id='word_1_252' title='bbox 612 2734 650 2793; x_wconf 91' lang='lat' dir='ltr'>Et</span> <span class='ocrx_word' id='word_1_253' title='bbox 665 2731 781 2793; x_wconf 88' lang='lat' dir='ltr'>irruens</span> <span class='ocrx_word' id='word_1_254' title='bbox 794 2733 824 2792; x_wconf 89' lang='lat' dir='ltr'>iu</span> <span class='ocrx_word' id='word_1_255' title='bbox 839 2737 992 2794; x_wconf 84' lang='lat' dir='ltr'>saxonum</span> <span class='ocrx_word' id='word_1_256' title='bbox 1003 2749 1126 2802; x_wconf 87' lang='lat' dir='ltr'>cuneos,</span> 
     </span>
     <span class='ocr_line' id='line_1_30' title="bbox 107 2816 1128 2902; baseline -0.004 -21"><span class='ocrx_word' id='word_1_257' title='bbox 107 2819 263 2899; x_wconf 84' lang='lat' dir='ltr'>“adjutus</span> <span class='ocrx_word' id='word_1_258' title='bbox 279 2817 414 2880; x_wconf 88' lang='lat' dir='ltr'>Dubritii</span> <span class='ocrx_word' id='word_1_259' title='bbox 431 2819 578 2899; x_wconf 85' lang='lat' dir='ltr'>precibus,</span> <span class='ocrx_word' id='word_1_260' title='bbox 594 2819 690 2881; x_wconf 83' lang='lat' dir='ltr'>multa</span> <span class='ocrx_word' id='word_1_261' title='bbox 706 2820 796 2882; x_wconf 84' lang='lat' dir='ltr'>millia</span> <span class='ocrx_word' id='word_1_262' title='bbox 808 2817 1019 2902; x_wconf 73' lang='lat' dir='ltr'>prosternendo</span> <span class='ocrx_word' id='word_1_263' title='bbox 1034 2816 1128 2878; x_wconf 74' lang='lat' dir='ltr'>risio·</span> 
     </span>
     <span class='ocr_line' id='line_1_31' title="bbox 106 2902 1127 2990; baseline -0.004 -20"><span class='ocrx_word' id='word_1_264' title='bbox 106 2913 128 2942; x_wconf 88' lang='lat'><strong>“</strong></span> <span class='ocrx_word' id='word_1_265' title='bbox 142 2906 213 2970; x_wconf 88' lang='lat' dir='ltr'>riam</span> <span class='ocrx_word' id='word_1_266' title='bbox 229 2905 372 2980; x_wconf 89' lang='lat' dir='ltr'>obtinuit,</span> <span class='ocrx_word' id='word_1_267' title='bbox 395 2907 426 2968; x_wconf 82' lang='lat' dir='ltr'>8c</span> <span class='ocrx_word' id='word_1_268' title='bbox 442 2921 561 2988; x_wconf 82' lang='lat' dir='ltr'>paucos,</span> <span class='ocrx_word' id='word_1_269' title='bbox 577 2910 629 2990; x_wconf 87' lang='lat' dir='ltr'>qui</span> <span class='ocrx_word' id='word_1_270' title='bbox 646 2906 771 2990; x_wconf 80' lang='lat' dir='ltr'>stragem</span> <span class='ocrx_word' id='word_1_271' title='bbox 784 2906 974 2990; x_wconf 81' lang='lat' dir='ltr'>aufugerant,</span> <span class='ocrx_word' id='word_1_272' title='bbox 990 2905 1029 2966; x_wconf 86' lang='lat' dir='ltr'>ad</span> <span class='ocrx_word' id='word_1_273' title='bbox 1044 2902 1127 2966; x_wconf 83' lang='lat' dir='ltr'>dudi·</span> 
     </span>
     <span class='ocr_line' id='line_1_32' title="bbox 108 2989 1177 3079; baseline -0.002 -23"><span class='ocrx_word' id='word_1_274' title='bbox 108 2996 251 3056; x_wconf 82' lang='lat' dir='ltr'>“tionem</span> <span class='ocrx_word' id='word_1_275' title='bbox 267 2992 400 3076; x_wconf 86' lang='lat' dir='ltr'>co&#39;e‘git.’&#39;</span> <span class='ocrx_word' id='word_1_276' title='bbox 433 2993 589 3057; x_wconf 85' lang='lat' dir='ltr'>Boccatius</span> <span class='ocrx_word' id='word_1_277' title='bbox 606 2997 635 3057; x_wconf 92' lang='lat' dir='ltr'>in</span> <span class='ocrx_word' id='word_1_278' title='bbox 650 2995 730 3058; x_wconf 87' lang='lat' dir='ltr'>libro</span> <span class='ocrx_word' id='word_1_279' title='bbox 745 2995 783 3057; x_wconf 89' lang='lat' dir='ltr'>de</span> <span class='ocrx_word' id='word_1_280' title='bbox 796 2990 1127 3079; x_wconf 79' lang='lat' dir='ltr'>stagnis&amp;pasodibus</span> <span class='ocrx_word' id='word_1_281' title='bbox 1171 2989 1177 3000; x_wconf 85' lang='lat'>&#39;</span> 
     </span>
     <span class='ocr_line' id='line_1_33' title="bbox 107 3078 1125 3166; baseline -0.003 -23"><span class='ocrx_word' id='word_1_282' title='bbox 107 3078 286 3145; x_wconf 73' lang='lat' dir='ltr'>suscribit:</span> <span class='ocrx_word' id='word_1_283' title='bbox 309 3088 330 3116; x_wconf 76' lang='lat'>‘⁶</span> <span class='ocrx_word' id='word_1_284' title='bbox 347 3081 461 3144; x_wconf 83' lang='lat' dir='ltr'>Murais</span> <span class='ocrx_word' id='word_1_285' title='bbox 476 3079 615 3166; x_wconf 76' lang='lat' dir='ltr'>stdgnum</span> <span class='ocrx_word' id='word_1_286' title='bbox 635 3082 688 3158; x_wconf 85' lang='lat' dir='ltr'>est,</span> <span class='ocrx_word' id='word_1_287' title='bbox 712 3085 838 3158; x_wconf 88' lang='lat' dir='ltr'>Arturii,</span> <span class='ocrx_word' id='word_1_288' title='bbox 861 3083 1018 3143; x_wconf 87' lang='lat' dir='ltr'>Britonum</span> <span class='ocrx_word' id='word_1_289' title='bbox 1035 3080 1125 3162; x_wconf 82' lang='lat' dir='ltr'>regis,</span> 
     </span>
     <span class='ocr_line' id='line_1_34' title="bbox 108 3167 1127 3246; baseline -0.003 -15"><span class='ocrx_word' id='word_1_290' title='bbox 108 3177 128 3206; x_wconf 88' lang='lat'>“</span> <span class='ocrx_word' id='word_1_291' title='bbox 140 3169 266 3234; x_wconf 76' lang='lat' dir='ltr'>visiocia</span> <span class='ocrx_word' id='word_1_292' title='bbox 286 3168 411 3230; x_wconf 79' lang='lat' dir='ltr'>clarum</span> <span class='ocrx_word' id='word_1_293' title='bbox 457 3168 551 3232; x_wconf 86' lang='lat' dir='ltr'>Aiunt</span> <span class='ocrx_word' id='word_1_294' title='bbox 565 3172 646 3233; x_wconf 91' lang='lat' dir='ltr'>enim</span> <span class='ocrx_word' id='word_1_295' title='bbox 662 3175 791 3246; x_wconf 84' lang='lat' dir='ltr'>Scottus,</span> <span class='ocrx_word' id='word_1_296' title='bbox 815 3167 922 3244; x_wconf 77' lang='lat' dir='ltr'>Pictos,</span> <span class='ocrx_word' id='word_1_297' title='bbox 937 3170 969 3230; x_wconf 77' lang='lat' dir='ltr'>sc</span> <span class='ocrx_word' id='word_1_298' title='bbox 987 3167 1127 3230; x_wconf 89' lang='lat' dir='ltr'>Hiberni-</span> 
     </span>
     <span class='ocr_line' id='line_1_35' title="bbox 108 3253 1128 3343; baseline -0.006 -22"><span class='ocrx_word' id='word_1_299' title='bbox 108 3264 127 3294; x_wconf 87' lang='lat'><strong>“</strong></span> <span class='ocrx_word' id='word_1_300' title='bbox 141 3255 234 3334; x_wconf 87' lang='lat' dir='ltr'>enses,</span> <span class='ocrx_word' id='word_1_301' title='bbox 257 3255 410 3319; x_wconf 86' lang='lat' dir='ltr'>abeodem</span> <span class='ocrx_word' id='word_1_302' title='bbox 425 3256 454 3319; x_wconf 86' lang='lat' dir='ltr'>in</span> <span class='ocrx_word' id='word_1_303' title='bbox 471 3253 576 3343; x_wconf 84' lang='lat' dir='ltr'>stagno</span> <span class='ocrx_word' id='word_1_304' title='bbox 586 3255 724 3334; x_wconf 84' lang='lat' dir='ltr'>obsessos,</span> <span class='ocrx_word' id='word_1_305' title='bbox 741 3262 771 3321; x_wconf 87' lang='lat' dir='ltr'>iu</span> <span class='ocrx_word' id='word_1_306' title='bbox 784 3258 965 3322; x_wconf 84' lang='lat' dir='ltr'>deditionem</span> <span class='ocrx_word' id='word_1_307' title='bbox 976 3254 1128 3319; x_wconf 77' lang='lat' dir='ltr'>coauos.·’</span> 
     </span>
     <span class='ocr_line' id='line_1_36' title="bbox 107 3342 1127 3410; baseline -0.005 -1"><span class='ocrx_word' id='word_1_308' title='bbox 107 3346 190 3409; x_wconf 89' lang='lat' dir='ltr'>Idem</span> <span class='ocrx_word' id='word_1_309' title='bbox 205 3346 286 3408; x_wconf 91' lang='lat' dir='ltr'>libro</span> <span class='ocrx_word' id='word_1_310' title='bbox 310 3344 416 3406; x_wconf 77' lang='lat' dir='ltr'>ottavo</span> <span class='ocrx_word' id='word_1_311' title='bbox 439 3345 477 3410; x_wconf 90' lang='lat' dir='ltr'>de</span> <span class='ocrx_word' id='word_1_312' title='bbox 500 3347 569 3408; x_wconf 90' lang='lat' dir='ltr'>viris</span> <span class='ocrx_word' id='word_1_313' title='bbox 589 3343 753 3410; x_wconf 87' lang='lat' dir='ltr'>illustribus</span> <span class='ocrx_word' id='word_1_314' title='bbox 766 3344 910 3410; x_wconf 83' lang='lat' dir='ltr'>illustrem</span> <span class='ocrx_word' id='word_1_315' title='bbox 923 3346 1038 3407; x_wconf 90' lang='lat' dir='ltr'>Arturii</span> <span class='ocrx_word' id='word_1_316' title='bbox 1055 3342 1127 3406; x_wconf 81' lang='lat' dir='ltr'>fucit</span> 
     </span>
     <span class='ocr_line' id='line_1_37' title="bbox 107 3431 1127 3516; baseline -0.006 -19"><span class='ocrx_word' id='word_1_317' title='bbox 107 3434 298 3507; x_wconf 89' lang='lat' dir='ltr'>mentionem,</span> <span class='ocrx_word' id='word_1_318' title='bbox 323 3431 466 3516; x_wconf 82' lang='lat' dir='ltr'>religione</span> <span class='ocrx_word' id='word_1_319' title='bbox 484 3434 618 3516; x_wconf 90' lang='lat' dir='ltr'>quadam</span> <span class='ocrx_word' id='word_1_320' title='bbox 644 3433 763 3510; x_wconf 75' lang='lat' dir='ltr'>dusius,</span> <span class='ocrx_word' id='word_1_321' title='bbox 786 3455 824 3497; x_wconf 90' lang='lat' dir='ltr'>ne</span> <span class='ocrx_word' id='word_1_322' title='bbox 839 3447 957 3496; x_wconf 89' lang='lat' dir='ltr'>tantum</span> <span class='ocrx_word' id='word_1_323' title='bbox 978 3433 1127 3514; x_wconf 80' lang='lat' dir='ltr'>talemque</span> 
     </span>
     <span class='ocr_line' id='line_1_38' title="bbox 107 3518 1266 3606; baseline 0.002 -23"><span class='ocrx_word' id='word_1_324' title='bbox 107 3525 202 3586; x_wconf 83' lang='lat' dir='ltr'>tirum</span> <span class='ocrx_word' id='word_1_325' title='bbox 217 3523 337 3604; x_wconf 79' lang='lat' dir='ltr'>ingrato</span> <span class='ocrx_word' id='word_1_326' title='bbox 351 3522 514 3602; x_wconf 74' lang='lat' dir='ltr'>preteriret</span> <span class='ocrx_word' id='word_1_327' title='bbox 534 3519 660 3588; x_wconf 78' lang='lat' dir='ltr'>silentio,</span> <span class='ocrx_word' id='word_1_328' title='bbox 693 3523 800 3606; x_wconf 86' lang='lat' dir='ltr'>Neque</span> <span class='ocrx_word' id='word_1_329' title='bbox 810 3521 861 3584; x_wconf 88' lang='lat' dir='ltr'>hic</span> <span class='ocrx_word' id='word_1_330' title='bbox 885 3518 903 3582; x_wconf 76' lang='lat' dir='ltr'>ai</span> <span class='ocrx_word' id='word_1_331' title='bbox 920 3519 1021 3583; x_wconf 89' lang='lat' dir='ltr'>nostro</span> <span class='ocrx_word' id='word_1_332' title='bbox 1035 3519 1129 3582; x_wconf 82' lang='lat' dir='ltr'>aliena</span> <span class='ocrx_word' id='word_1_333' title='bbox 1139 3529 1192 3585; x_wconf 58' lang='grc' dir='ltr'>η’.</span> <span class='ocrx_word' id='word_1_334' title='bbox 1203 3530 1266 3595; x_wconf 58' lang='grc' dir='ltr'>μς</span> 
     </span>
     <span class='ocr_line' id='line_1_39' title="bbox 108 3605 1126 3690; baseline -0.004 -19"><span class='ocrx_word' id='word_1_335' title='bbox 108 3609 242 3672; x_wconf 83' lang='lat' dir='ltr'>instituto</span> <span class='ocrx_word' id='word_1_336' title='bbox 252 3607 332 3685; x_wconf 89' lang='lat' dir='ltr'>sunt,</span> <span class='ocrx_word' id='word_1_337' title='bbox 355 3627 423 3690; x_wconf 83' lang='lat' dir='ltr'>quae</span> <span class='ocrx_word' id='word_1_338' title='bbox 434 3608 466 3672; x_wconf 91' lang='lat' dir='ltr'>in</span> <span class='ocrx_word' id='word_1_339' title='bbox 477 3610 624 3672; x_wconf 84' lang='lat' dir='ltr'>chronicis</span> <span class='ocrx_word' id='word_1_340' title='bbox 639 3607 793 3689; x_wconf 87' lang='lat' dir='ltr'>cujusdam</span> <span class='ocrx_word' id='word_1_341' title='bbox 804 3605 992 3673; x_wconf 82' lang='lat' dir='ltr'>Diviontnfis</span> <span class='ocrx_word' id='word_1_342' title='bbox 1006 3627 1126 3690; x_wconf 87' lang='lat' dir='ltr'>compa·</span> 
     </span>
     <span class='ocr_line' id='line_1_40' title="bbox 110 3688 1130 3782; baseline -0.001 -24"><span class='ocrx_word' id='word_1_343' title='bbox 110 3716 183 3761; x_wconf 88' lang='lat' dir='ltr'>rent.</span> <span class='ocrx_word' id='word_1_344' title='bbox 209 3701 232 3735; x_wconf 80' lang='lat'>‘⁸</span> <span class='ocrx_word' id='word_1_345' title='bbox 246 3697 399 3760; x_wconf 84' lang='lat' dir='ltr'>Cerdicius</span> <span class='ocrx_word' id='word_1_346' title='bbox 411 3717 483 3760; x_wconf 91' lang='lat' dir='ltr'>cum</span> <span class='ocrx_word' id='word_1_347' title='bbox 494 3699 619 3760; x_wconf 87' lang='lat' dir='ltr'>Arturio</span> <span class='ocrx_word' id='word_1_348' title='bbox 628 3696 791 3782; x_wconf 84' lang='lat' dir='ltr'>confligens</span> <span class='ocrx_word' id='word_1_349' title='bbox 800 3695 914 3778; x_wconf 81' lang='lat' dir='ltr'>saepius,</span> <span class='ocrx_word' id='word_1_350' title='bbox 928 3688 949 3758; x_wconf 80' lang='lat' dir='ltr'>st</span> <span class='ocrx_word' id='word_1_351' title='bbox 961 3692 1130 3758; x_wconf 87' lang='lat' dir='ltr'>unomense</span> 
     </span>
    </p>

    <p class='ocr_par' dir='ltr' id='par_1_17' title="bbox 38 3783 1210 4454">
     <span class='ocr_line' id='line_1_41' title="bbox 38 3783 1210 3866; baseline -0.003 -17"><span class='ocrx_word' id='word_1_352' title='bbox 38 3797 42 3804; x_wconf 88' lang='lat'>&#39;</span> <span class='ocrx_word' id='word_1_353' title='bbox 111 3792 129 3820; x_wconf 80' lang='lat'>‘¹</span> <span class='ocrx_word' id='word_1_354' title='bbox 144 3788 323 3861; x_wconf 87' lang='lat' dir='ltr'>vinceretur,</span> <span class='ocrx_word' id='word_1_355' title='bbox 347 3785 378 3846; x_wconf 91' lang='lat' dir='ltr'>in</span> <span class='ocrx_word' id='word_1_356' title='bbox 393 3785 453 3848; x_wconf 84' lang='lat' dir='ltr'>alio</span> <span class='ocrx_word' id='word_1_357' title='bbox 464 3783 558 3848; x_wconf 84' lang='lat' dir='ltr'>mense</span> <span class='ocrx_word' id='word_1_358' title='bbox 571 3787 665 3848; x_wconf 82' lang='lat' dir='ltr'>acrior</span> <span class='ocrx_word' id='word_1_359' title='bbox 679 3784 805 3849; x_wconf 81' lang='lat' dir='ltr'>surrexit</span> <span class='ocrx_word' id='word_1_360' title='bbox 815 3785 851 3846; x_wconf 86' lang='lat' dir='ltr'>ad</span> <span class='ocrx_word' id='word_1_361' title='bbox 867 3803 1009 3866; x_wconf 75' lang='lat' dir='ltr'>pugnam.</span> <span class='ocrx_word' id='word_1_362' title='bbox 1046 3785 1129 3846; x_wconf 88' lang='lat' dir='ltr'>Tan·</span> <span class='ocrx_word' id='word_1_363' title='bbox 1207 3823 1210 3829; x_wconf 78' lang='lat'>,</span> 
     </span>
     <span class='ocr_line' id='line_1_42' title="bbox 111 3871 1129 3958; baseline -0.002 -22"><span class='ocrx_word' id='word_1_364' title='bbox 111 3878 130 3908; x_wconf 80' lang='lat'>‘¹</span> <span class='ocrx_word' id='word_1_365' title='bbox 145 3874 214 3936; x_wconf 78' lang='lat' dir='ltr'>dem</span> <span class='ocrx_word' id='word_1_366' title='bbox 231 3872 384 3946; x_wconf 84' lang='lat' dir='ltr'>Artorius,</span> <span class='ocrx_word' id='word_1_367' title='bbox 410 3873 502 3935; x_wconf 83' lang='lat' dir='ltr'>taedio</span> <span class='ocrx_word' id='word_1_368' title='bbox 519 3873 669 3956; x_wconf 82' lang='lat' dir='ltr'>fatigatus,</span> <span class='ocrx_word' id='word_1_369' title='bbox 694 3872 758 3958; x_wconf 90' lang='lat' dir='ltr'>post</span> <span class='ocrx_word' id='word_1_370' title='bbox 781 3871 993 3934; x_wconf 85' lang='lat' dir='ltr'>duodecimum</span> <span class='ocrx_word' id='word_1_371' title='bbox 1016 3887 1129 3934; x_wconf 88' lang='lat' dir='ltr'>annum</span> 
     </span>
     <span class='ocr_line' id='line_1_43' title="bbox 111 3957 1129 4040; baseline 0.001 -16"><span class='ocrx_word' id='word_1_372' title='bbox 111 3967 132 3995; x_wconf 82' lang='lat'>⁴¹</span> <span class='ocrx_word' id='word_1_373' title='bbox 145 3963 292 4024; x_wconf 80' lang='lat' dir='ltr'>adventus</span> <span class='ocrx_word' id='word_1_374' title='bbox 307 3960 448 4034; x_wconf 86' lang='lat' dir='ltr'>Cerdicii,</span> <span class='ocrx_word' id='word_1_375' title='bbox 475 3961 618 4025; x_wconf 85' lang='lat' dir='ltr'>fidelitate</span> <span class='ocrx_word' id='word_1_376' title='bbox 632 3960 688 4023; x_wconf 86' lang='lat' dir='ltr'>srb’t</span> <span class='ocrx_word' id='word_1_377' title='bbox 707 3961 817 4040; x_wconf 85' lang='lat' dir='ltr'>jurata,</span> <span class='ocrx_word' id='word_1_378' title='bbox 841 3957 923 4020; x_wconf 88' lang='lat' dir='ltr'>dedit</span> <span class='ocrx_word' id='word_1_379' title='bbox 937 3959 964 4020; x_wconf 86' lang='lat' dir='ltr'>ei</span> <span class='ocrx_word' id='word_1_380' title='bbox 978 3960 1129 4025; x_wconf 63' lang='lat' dir='ltr'>neoniam</span> 
     </span>
     <span class='ocr_line' id='line_1_44' title="bbox 112 4032 1151 4132; baseline -0.006 -20"><span class='ocrx_word' id='word_1_381' title='bbox 112 4053 131 4085; x_wconf 87' lang='lat'>“</span> <span class='ocrx_word' id='word_1_382' title='bbox 145 4051 350 4122; x_wconf 85' lang='lat' dir='ltr'>meridianum,</span> <span class='ocrx_word' id='word_1_383' title='bbox 374 4049 404 4110; x_wconf 73' lang='lat' dir='ltr'>u</span> <span class='ocrx_word' id='word_1_384' title='bbox 416 4047 588 4124; x_wconf 80' lang='lat' dir='ltr'>Somariam,</span> <span class='ocrx_word' id='word_1_385' title='bbox 612 4067 703 4132; x_wconf 87' lang='lat' dir='ltr'>qnam</span> <span class='ocrx_word' id='word_1_386' title='bbox 721 4065 834 4128; x_wconf 76' lang='lat' dir='ltr'>partem</span> <span class='ocrx_word' id='word_1_387' title='bbox 849 4032 1129 4108; x_wconf 79' lang='lat' dir='ltr'>vocatitCerditsus</span> <span class='ocrx_word' id='word_1_388' title='bbox 1146 4045 1151 4051; x_wconf 56' lang='lat'><strong>⁴</strong></span> 
     </span>
     <span class='ocr_line' id='line_1_45' title="bbox 112 4129 1129 4218; baseline -0.006 -18"><span class='ocrx_word' id='word_1_389' title='bbox 112 4143 132 4171; x_wconf 87' lang='lat'><strong><em>“</em></strong></span> <span class='ocrx_word' id='word_1_390' title='bbox 146 4133 388 4208; x_wconf 81' lang='lat' dir='ltr'>Visisaxoniam.&#39;&#39;</span> <span class='ocrx_word' id='word_1_391' title='bbox 421 4135 589 4199; x_wconf 83' lang='lat' dir='ltr'>Guliesmus</span> <span class='ocrx_word' id='word_1_392' title='bbox 600 4134 617 4196; x_wconf 77' lang='lat' dir='ltr'>st</span> <span class='ocrx_word' id='word_1_393' title='bbox 627 4135 809 4218; x_wconf 82' lang='lat' dir='ltr'>Meildusphi</span> <span class='ocrx_word' id='word_1_394' title='bbox 823 4135 914 4206; x_wconf 87' lang='lat' dir='ltr'>curia,</span> <span class='ocrx_word' id='word_1_395' title='bbox 931 4129 1054 4214; x_wconf 83' lang='lat' dir='ltr'>scriptor</span> <span class='ocrx_word' id='word_1_396' title='bbox 1064 4149 1129 4194; x_wconf 91' lang='lat' dir='ltr'>tum</span> 
     </span>
     <span class='ocr_line' id='line_1_46' title="bbox 111 4217 1129 4308; baseline -0.006 -22"><span class='ocrx_word' id='word_1_397' title='bbox 111 4222 234 4308; x_wconf 79' lang='lat' dir='ltr'>elegans,</span> <span class='ocrx_word' id='word_1_398' title='bbox 259 4237 324 4286; x_wconf 86' lang='lat' dir='ltr'>turn</span> <span class='ocrx_word' id='word_1_399' title='bbox 340 4224 486 4302; x_wconf 81' lang='lat' dir='ltr'>eruditus,</span> <span class='ocrx_word' id='word_1_400' title='bbox 509 4227 549 4298; x_wconf 73' lang='lat' dir='ltr'>u,</span> <span class='ocrx_word' id='word_1_401' title='bbox 573 4222 655 4306; x_wconf 88' lang='lat' dir='ltr'>quod</span> <span class='ocrx_word' id='word_1_402' title='bbox 671 4226 703 4286; x_wconf 91' lang='lat' dir='ltr'>in</span> <span class='ocrx_word' id='word_1_403' title='bbox 719 4224 837 4286; x_wconf 82' lang='lat' dir='ltr'>historia</span> <span class='ocrx_word' id='word_1_404' title='bbox 859 4223 998 4303; x_wconf 87' lang='lat' dir='ltr'>primurn,</span> <span class='ocrx_word' id='word_1_405' title='bbox 1022 4217 1129 4282; x_wconf 83' lang='lat' dir='ltr'>fidelis·</span> 
     </span>
     <span class='ocr_line' id='line_1_47' title="bbox 112 4307 1206 4454; baseline -0.006 -81"><span class='ocrx_word' id='word_1_406' title='bbox 112 4309 210 4393; x_wconf 82' lang='lat' dir='ltr'>fimus,</span> <span class='ocrx_word' id='word_1_407' title='bbox 234 4313 299 4376; x_wconf 78' lang='lat' dir='ltr'>baec</span> <span class='ocrx_word' id='word_1_408' title='bbox 314 4313 352 4375; x_wconf 86' lang='lat' dir='ltr'>de</span> <span class='ocrx_word' id='word_1_409' title='bbox 365 4314 491 4379; x_wconf 85' lang='lat' dir='ltr'>Arturio</span> <span class='ocrx_word' id='word_1_410' title='bbox 505 4315 603 4395; x_wconf 85' lang='lat' dir='ltr'>primo</span> <span class='ocrx_word' id='word_1_411' title='bbox 618 4310 655 4376; x_wconf 85' lang='lat' dir='ltr'>dc</span> <span class='ocrx_word' id='word_1_412' title='bbox 666 4313 786 4396; x_wconf 81' lang='lat' dir='ltr'>regibus</span> <span class='ocrx_word' id='word_1_413' title='bbox 801 4307 977 4372; x_wconf 78' lang='lat' dir='ltr'>Btit-arn&#39;cis</span> <span class='ocrx_word' id='word_1_414' title='bbox 993 4309 1070 4454; x_wconf 75' lang='lat' dir='ltr'>sibrp</span> <span class='ocrx_word' id='word_1_415' title='bbox 1086 4308 1132 4368; x_wconf 92' lang='lat' dir='ltr'>in·</span> <span class='ocrx_word' id='word_1_416' title='bbox 1203 4338 1206 4344; x_wconf 91' lang='lat'>·</span> 
     </span>
    </p>

    <p class='ocr_par' dir='ltr' id='par_1_18' title="bbox 284 4407 1130 4465">
     <span class='ocr_line' id='line_1_48' title="bbox 284 4407 1130 4465; baseline -0.004 -9"><span class='ocrx_word' id='word_1_417' title='bbox 284 4417 303 4465; x_wconf 86' lang='lat'><em>2</em></span> <span class='ocrx_word' id='word_1_418' title='bbox 422 4407 424 4411; x_wconf 81' lang='grc'>’</span> <span class='ocrx_word' id='word_1_419' title='bbox 1067 4411 1130 4455; x_wconf 79' lang='lat' dir='ltr'>ert:</span> 
     </span>
    </p>
   </div>
   <div class='ocr_carea' id='block_1_3' title="bbox 0 0 1476 4884">
    <p class='ocr_par' dir='ltr' id='par_1_19' title="bbox 0 0 1476 4884">
     <span class='ocr_line' id='line_1_49' title="bbox 0 0 1476 4884; baseline 0 1"><span class='ocrx_word' id='word_1_420' title='bbox 0 0 1476 4884; x_wconf 95' lang='lat' dir='ltr'> </span> 
     </span>
    </p>
   </div>
  </div>
 </body>
</html>
