2942 4884
228 189 960 300 assear'toatrontt.
1200 185 1245 279 st.

89 316 141 404 jus
166 319 196 386 dt
217 323 330 386 Paulus
354 325 510 392 Diaconos
533 326 714 388 mentionem
735 325 805 388 facit
847 326 983 390 Dirtetit
999 318 1120 388 forsitan
1158 321 1164 330 ’

92 406 325 476 ίᾶνετΐατὶοηιω
339 413 456 495 aliquis,
480 415 544 502 Qi
559 410 670 475 facturn
686 411 739 487 est,
764 430 797 475 ut
811 417 925 476 Artorii
941 433 1001 476 nott
1014 413 1119 476 memi-

8 509 9 526 ¹
94 503 168 565 uerit
185 499 321 562 Paulus?
345 497 532 582 Respondeo,
548 502 629 564 aliud
642 493 728 584 egisse
744 502 880 578 Paulum,
895 522 989 584 qnam
1003 517 1038 562 ut
1052 502 1119 562 Bri-

94 604 208 654 tannos.
234 587 410 650 aRomanis
436 601 552 652 tanturn
574 611 634 651 non
657 587 822 664 derclisios‚
846 593 933 653 anxie
947 588 1117 653 celebraret.

8 701 10 728 t
93 679 174 740 Nihil
192 677 310 738 interim
327 677 455 738 detraltit
471 679 607 760 dignitati
623 680 748 753 Artorii,
765 694 818 740 aut
830 675 966 752 historiae,
982 676 1065 758 quod
1080 675 1119 739 ab
1152 670 1155 676 ’

8 781 9 822 ῑ
93 783 129 826 eo
144 785 207 826 non
228 780 422 838 nominetut;
447 786 542 846 quum
558 761 672 827 interim
694 766 774 828 bona
796 784 862 848 pars
877 762 1023 838 nobilium
1038 764 1119 827 orbis

94 851 187 914 totius
206 851 320 914 silentio
335 872 488 933 prematur
500 855 538 914 ab
552 853 668 914 eodem.
692 853 771 914 lllud
784 851 926 938 magnum
941 854 1028 935 plane
1038 851 1118 914 vide·

8 963 9 978 1
94 952 141 1000 tur
156 939 269 1000 habere
282 957 477 1014 momentum,
493 941 576 1023 quod
593 940 709 1015 Gildas,
725 938 849 1022 scriptor
863 942 1032 1012 Britannus,
1042 939 1119 1002 nihil
1130 928 1183 984 ¹³⁰¹·
1197 933 1274 996 ³²·hi

8 1091 10 1116 s
94 1025 216 1111 prorsus
232 1027 270 1090 de
285 1029 409 1090 Arturio
424 1026 540 1093 scribat.
584 1030 665 1100 ,Sunt
689 1030 743 1111 qui
768 1030 859 1091 citent
873 1029 976 1090 Gildae
991 1027 1120 1089 testimo·

95 1118 177 1177 nium
195 1119 227 1176 in
250 1118 313 1192 ejus
329 1133 394 1176 tum
416 1119 552 1199 gratiam,
578 1132 640 1177 tum
662 1117 793 1178 laudem.
840 1115 898 1177 Sed
920 1115 971 1177 ille
995 1115 1122 1198 quidem

96 1201 222 1264 fislitius
236 1199 279 1264 est
294 1203 411 1281 Gildas,
434 1205 462 1266 a
479 1205 589 1278 blattis,
613 1205 642 1264 8c
659 1206 745 1266 tineis
759 1205 797 1266 ad
816 1201 895 1265 isidis
909 1203 1019 1265 vadum
1032 1205 1062 1264 in
1077 1201 1124 1266 bi·

8 1321 10 1348 r
95 1290 246 1352 bliotheca
261 1291 462 1354 Maridunensr
479 1291 760 1374 praedaeertposttus.
805 1291 918 1365 Gildas,
942 1288 1122 1374 &Polydoro

95 1379 205 1451 editus,
220 1375 421 1461 fragmentum
435 1380 559 1443 indubie
572 1379 796 1454 Gildaeveteris,
812 1378 860 1441 sed
872 1399 1021 1454 mancum,
1038 1379 1122 1441 luxa·

97 1481 174 1539 tum,
200 1459 399 1541 &mutilum
425 1465 622 1550 usqueadeo,
646 1485 691 1541 ut,
716 1467 811 1548 fijam
828 1468 893 1528 ritae
907 1465 1118 1542 restitueretur,

8 1615 10 1634 ,
96 1555 148 1615 rix
163 1551 275 1616 soetum
297 1552 467 1636 agnosceret
484 1571 599 1637 parens.
646 1555 792 1639 Scripfisse
807 1574 876 1618 eum
898 1554 991 1617 libros
1005 1553 1122 1618 constat

97 1642 187 1704 titulo
203 1642 408 1718 Cambreidos,
432 1646 564 1705 inventos
580 1639 751 1723 osiuaginra
766 1645 795 1704 &
810 1642 938 1724 amplius
949 1643 1058 1706 abhinc
1071 1661 1123 1703 an·

97 1731 143 1791 nis
157 1731 188 1789 in
205 1729 373 1792 Hrbet·nicis
390 1728 498 1806 insulis,
522 1734 551 1793 8<
575 1735 604 1792 in
622 1731 738 1792 Italiam
755 1731 919 1794 tradusios.
964 1731 1007 1791 Ut
1024 1729 1060 1792 stt
1075 1731 1122 1798 hi·

12 1893 16 1903 ,
98 1816 183 1879 lloria
209 1816 308 1906 Gildae
323 1820 446 1904 integra,
470 1820 524 1903 qui
540 1821 644 1902 potuit·
658 1818 694 1879 de
717 1821 842 1881 Artorio
867 1819 1028 1902 quicquam
1043 1817 1122 1880 rec‘ie

8 1971 9 1980 ,
98 1920 244 1986 tanquam
256 1906 390 1968 oculatus
407 1905 484 1979 tellis
501 1909 710 1988 pronunciare,
732 1927 831 1990 quum
844 1903 968 1988 ipsemet
982 1906 1070 1979 dicat,
1094 1903 1123 1966 se

8 2013 10 2052 t
98 2011 201 2056 natum
217 1989 301 2054 fuisse
327 2013 404 2056 anno
419 1996 562 2056 Badonici
588 1995 669 2068 belli,
693 1995 778 2077 quod
801 1995 915 2056 Asturii
938 1993 1071 2067 visioria,
1094 1994 1124 2055 δε

98 2081 225 2163 quidem
239 2079 402 2156 clarissima,
419 2080 490 2144 teste
505 2083 631 2156 Nennio,
655 2080 738 2144 suit?
766 2081 863 2143 Hostis
877 2080 1000 2162 colligit,
1016 2081 1122 2143 Gildus

97 2168 208 2230 nullam
221 2165 337 2249 prorsus
352 2170 467 2234 Arturii
483 2173 666 2232 mentionem
680 2168 764 2242 facit,
786 2189 859 2252 ergo
874 2189 932 2230 non
949 2167 1019 2231 fuit.
1064 2173 1123 2231 At·

8 2269 10 2328 l
97 2275 171 2340 guta
203 2257 289 2336 plan'e
310 2256 459 2332 colleslio,
483 2258 580 2341 qualis
606 2260 635 2319 &
663 2257 745 2320 hacc:
779 2258 884 2318 Gildas
908 2277 968 2318 non
988 2257 1123 2318 meminit

8 2381 9 2402 t
98 2345 248 2426 Aruiragi,
263 2347 360 2419 Lucii,
378 2361 430 2406 aut
446 2345 630 2408 Constantini
643 2344 760 2432 Magni,
778 2347 902 2427 proinde
916 2364 974 2406 non
989 2341 1124 2405 fuerunt.

97 2435 125 2494 0
143 2451 253 2492 novum
269 2431 433 2495 dialectices
449 2439 592 2498 acumen!
618 2435 657 2494 Et
670 2449 766 2495 tamen
784 2435 840 2496 hoc
855 2447 914 2493 tam
926 2431 1046 2493 infirmo
1057 2452 1123 2493 cor·

99 2521 271 2593 roboratus,
295 2535 328 2582 ut
343 2520 396 2583 fibi
410 2523 531 2604 quidem
543 2523 671 2594 videtur,
688 2537 875 2606 argumento,
891 2515 1094 2602 palmatiums
1111 2551 1123 2566 ·

97 2607 153 2668 cile
175 2605 204 2669 se
228 2610 370 2690 adeptum
385 2610 553 2673 arbitratur.
600 2611 727 2671 Homine
745 2607 786 2672 est
811 2610 950 2672 Italicum
971 2609 1120 2670 acumen?

19 2731 22 2736 ,
99 2693 240 2758 Proiecto
249 2698 312 2776 jam
328 2716 404 2780 aegre
418 2697 542 2762 ulterius
565 2719 625 2759 non
649 2701 742 2780 patiar
765 2698 824 2760 dici
848 2695 1121 2758 Ultra-montanus.

100 2785 142 2846 Et
158 2785 255 2864 plane.

164 2871 280 2946 Coelum,
300 2893 357 2934 aron
371 2874 508 2947 animum,
530 2883 660 2946 mutant,
683 2874 732 2956 qui
747 2883 929 2934 transmare
942 2867 1080 2933 c'urrttnt.

8 2985 9 3020 2
101 2960 170 3020 Scio
191 2961 321 3032 interim,
353 2959 427 3042 quid
452 2960 604 3022 Cambrici
626 2959 781 3044 scriptores
806 2961 844 3022 de
871 2958 969 3020 Gildae
997 2956 1123 3032 silentio,

8 3043 9 3094 l
100 3063 254 3128 quantum
278 3048 315 3108 ad
341 3049 492 3110 Artorium
516 3051 669 3130 pertineat,
704 3045 850 3121 sentiant;
883 3046 1021 3109 uidelicet
1042 3049 1121 3108 Ho'e‘·

8 3163 9 3216 3
99 3133 176 3208 lum,
199 3133 297 3196 Gildae
319 3133 578 3218 consanguineum,
613 3138 651 3199 ab
677 3137 803 3198 Artorio
826 3131 965 3208 occisum,
996 3133 1124 3196 caussam

100 3221 225 3304 neglec‘ii
241 3224 303 3301 ejus
323 3224 451 3286 nominis
465 3221 557 3286 fuisse.
605 3225 662 3285 Sed
687 3224 757 3286 nolo
777 3225 846 3284 huic
861 3225 947 3285 inniti
974 3221 1122 3304 prastdio,

8 3337 9 3352 ¹
99 3309 214 3372 bellum
232 3314 331 3392 potius
347 3330 418 3373 cunt
431 3332 469 3376 eo
485 3311 632 3394 gesturus,
656 3312 740 3394 quod
755 3312 810 3373 hac
832 3310 898 3373 labe
919 3306 985 3372 suos
1005 3312 1123 3371 Britan·

8 3399 10 3464 ἶ
99 3401 311 3479 nosingtatus‚
336 3418 370 3460 ac
385 3401 463 3461 idem
488 3419 591 3482 parum
618 3401 756 3480 prudens,
782 3419 818 3461 tre
834 3397 929 3460 dicam
948 3401 1068 3478 impius,
1092 3418 1122 3458 a·

8 3483 9 3560 J
99 3483 243 3568 sperserit‚
269 3495 288 3520 “
305 3489 438 3550 Britanni
455 3490 552 3550 necin
569 3489 648 3550 bello
661 3485 760 3561 sortes,
783 3505 837 3549 nec
856 3487 888 3548 in
903 3506 974 3568 pace
991 3485 1123 3547 fideles.'’
1135 3519 1190 3574 rol.
1203 3539 1243 3588 33·
1252 3529 1279 3576 ὃ

8 3573 10 3590 '
97 3572 164 3657 ,Nisi
182 3571 316 3655 profesio
338 3576 450 3638 videret
466 3575 607 3652 adlectui,
631 3592 683 3638 aut
703 3574 856 3637 stomacho
879 3573 1040 3656 indulgere,
1067 3569 1125 3655 ipse
1291 3632 1293 3635 ,

100 3657 131 3724 in
160 3661 460 3748 Britanuomasligem
484 3663 606 3736 serrum,
643 3665 672 3725 a
698 3663 824 3746 quidem
852 3677 973 3724 acutum
997 3658 1125 3722 animose

100 3747 287 3832 stringerem.
335 3749 392 3814 Sed
418 3753 562 3834 impetunt
580 3753 754 3835 temperabo
774 3770 885 3821 meum,
910 3749 1028 3810 aliunde
1054 3769 1123 3829 pro·

8 3865 9 3914 r
101 3854 284 3919 pugnatores
311 3839 341 3900 in
367 3840 505 3902 medium
523 3837 692 3902 fortissimos
713 3838 906 3911 adaluuinus,
929 3857 966 3898 ne
990 3832 1125 3899 adfedus

8 3927 9 3990 3
101 3927 167 3988 vim
181 3922 279 3988 secisse
295 3947 375 4004 meus
394 3929 480 3989 alicui
496 3927 644 3991 videatur.
691 3926 835 4008 sylvester
849 3925 990 3986 Giraldus
1006 3928 1035 3985 in
1058 3925 1125 3986 To·

102 4013 272 4096 pographia
289 4014 445 4090 Cambtiae,
463 4017 609 4098 promittit
625 4014 828 4097 responsurum
841 4011 869 4075 se
883 4013 953 4074 hnic
967 4012 1125 4074 Gildaeca·

8 4103 10 4160 ἔ
100 4101 224 4163 lumniae
245 4103 275 4162 in
292 4106 458 4166 Britannica
476 4105 702 4186 Topographia,
728 4125 819 4188 quern
835 4102 946 4167 ltbmm
959 4101 1034 4163 eum'
1052 4102 1130 4177 olim·

8 4217 10 4258 ε
100 4186 240 4269 scripsisse
257 4209 314 4251 non
327 4191 443 4268 dubito,
467 4188 516 4271 sed
533 4190 638 4254 nolitis
652 4191 837 4274 temporibus
853 4189 945 4263 nullo,
969 4187 1051 4270 quod
1068 4206 1127 4268 ego

101 4272 205 4348 sclam,
230 4279 294 4338 loco
308 4277 409 4347 exlla't.
454 4281 538 4368 Qtd
560 4283 679 4368 interim
704 4278 811 4348 scribat
834 4275 965 4345 secundo
987 4275 1067 4336 libro
1088 4276 1129 4337 de

151 4367 253 4432 Tou.
268 4367 307 4431 V.
615 4371 646 4437 H
867 4385 872 4393 ·
977 4361 1130 4428 cimbrica
