2942 4884
246 222 972 291 ASSERTIOARTURII.
1205 245 1246 313 33

103 349 271 440 quodcum
285 355 324 420 de
337 354 464 420 Armtio
478 353 588 438 agitur,
611 353 640 416 a
655 335 796 420 derebus
818 353 858 418 ab
872 375 910 418 eo
920 352 1018 440 gellia,
1040 355 1125 420 Gles·
1231 327 1235 332 .

102 437 250 528 soburgue
276 441 392 526 semper
417 439 515 517 instat,
537 443 567 504 dr
588 461 711 526 operam
737 442 776 504 ad
798 457 910 506 certam
922 443 1126 526 cognitionem

99 531 305 594 candidissime
321 531 478 614 pollicetur
492 525 584 592 suam.
623 529 711 592 Unde
722 531 844 612 quidem
857 532 886 592 8<
900 529 992 593 nostri
1004 533 1033 592 in
1049 551 1123 613 prae·

99 615 188 695 sentia
211 619 323 684 laboris
347 615 464 682 frusino
485 615 593 692 omnis,
618 633 760 700 tanquam
783 615 801 679 ὲ
824 616 910 681 sonte
937 615 1124 700 profluentis·

100 704 183 781 srmo,
207 705 400 769 derivandos.
444 707 509 768 Nec
522 719 610 778 certe,
631 705 715 786 quod
728 726 787 788 ego
808 701 908 780 sciam,
930 703 1124 790 exstat-quie·

97 813 188 874 qnam
201 793 290 878 quod
302 791 486 871 luculentius
510 789 572 875 ipso
592 790 686 875 sigillo
699 792 875 875 comprobet
890 792 1047 856 Arturium
1072 792 1123 857 su·

98 881 168 947 tte:
193 883 227 944 id
239 882 336 965 quod,
357 880 448 942 srdiis
462 880 567 964 placet,
583 879 772 963 impudenter
783 900 942 963 pernegare
956 879 1050 964 aliqui
1060 903 1123 947 non

97 969 251 1046 dubitant,
286 971 437 1053 opinione,
470 967 632 1044 voluntate,
668 969 833 1030 temeritate
864 969 994 1052 denique
1021 970 1123 1052 potine

96 1077 189 1138 qnam
204 1057 321 1133 ratione
336 1052 493 1136 nllajusta,
517 1051 592 1118 nixi.
636 1053 694 1118 Sed
705 1053 828 1118 inseriae
838 1054 1001 1140 deligemus
1009 1057 1121 1136 locum,

99 1142 261 1225 qnojustis
277 1159 523 1228 argumentorum
536 1141 628 1227 copiis
653 1142 730 1206 hanc
747 1142 907 1207 violentam
927 1143 1119 1209 calumniato·
1131 1153 1185 1204 rot.
1198 1170 1236 1216 ις.
1247 1155 1273 1207 b.

99 1252 164 1294 rum
182 1231 305 1302 turbam
320 1228 552 1316 prosternamus.
589 1233 702 1294 Interea
718 1229 804 1316 sigilli
818 1229 969 1314 inscriptio
983 1229 1122 1301 subtilius

93 1316 285 1404 exeptienda.
332 1319 429 1382 Habet
439 1317 520 1382 enim
535 1314 585 1382 sua
600 1315 748 1399 mysteria,
763 1337 843 1401 quae,
866 1319 920 1382 ubi
933 1318 1122 1384 lncemrece·

16 1459 18 1470 ,
98 1407 208 1489 perint,
232 1406 421 1486 majoricam
436 1407 600 1488 voluptate,
625 1423 689 1468 tum
710 1408 804 1488 gratia
817 1425 903 1470 aures
921 1407 1123 1475 candidorum

16 1493 17 1498 ’
97 1493 247 1570 iustorum
272 1493 419 1570 imbuant,
453 1495 483 1556 a
497 1493 625 1556 imbutas
649 1493 772 1558 mirifice
790 1492 958 1558 delessent:
991 1495 1023 1558 id
1037 1498 1124 1579 quod

94 1582 196 1664 operis
212 1582 344 1663 pretium
366 1583 396 1644 dr
417 1581 540 1665 quidem
556 1581 689 1663 amplum
710 1579 763 1644 est.
808 1583 953 1646 Patricius
974 1583 1123 1647 numeni

97 1668 247 1750 majestate
260 1673 395 1732 Romana
420 1667 618 1751 desumptum.
663 1668 747 1732 Dittt
771 1665 838 1732 sunt
861 1690 899 1733 eo
922 1671 1041 1735 nomine
1058 1675 1121 1735 Ro·

97 1759 178 1836 mani
194 1758 322 1831 nobiles,
345 1759 399 1838 qui
423 1755 555 1840 aprimis
570 1753 753 1820 senatoribus
773 1757 902 1823 oriundi.
945 1757 981 1820 Id
1001 1758 1121 1824 videtur
1171 1818 1175 1826 .

99 1847 227 1908 Tacitus
240 1845 287 1908 his
309 1848 406 1906 verbis
419 1844 604 1928 significare:
629 1854 650 1880 “
665 1841 770 1906 lisdem
790 1844 897 1910 diebus
911 1844 941 1908 in
963 1866 1120 1911 numerum

98 1939 118 1968 “
133 1933 327 2014 patriciorum
337 1929 942 2017 ascivitCaesarvetustiffimumquonque
955 1932 1118 2013 exsenatu,

99 2027 120 2058 ⁴¹
134 2033 187 2083 aut
214 2021 328 2103 quibus
353 2021 425 2082 clari
449 2035 582 2103 parentes
603 2018 754 2082 fiaernnt.''
791 2021 895 2084 Livius
917 2021 982 2082 haec
1004 2021 1117 2086 resert:

100 2115 122 2144 ‘⁸
137 2107 288 2172 Romulus
301 2125 424 2172 centnm
438 2122 516 2170 creat
530 2103 684 2181 senatores,
699 2106 753 2188 qui
768 2125 866 2189 patres
879 2109 919 2170 ab
933 2109 1056 2184 honore,
1070 2129 1122 2191 pa·

101 2203 121 2234 ‘¹
137 2197 215 2260 tricii
228 2217 353 2279 quoque
378 2196 537 2280 progenies
555 2215 659 2258 eornm
681 2195 855 2276 appellati.''
889 2196 1004 2279 Liquet
1017 2197 1121 2280 igitur,

98 2282 259 2348 Artnrium
279 2283 354 2348 hanc
370 2286 494 2346 nominis
514 2280 623 2346 samam
645 2281 789 2366 insignem
804 2280 924 2346 illama
949 2284 1122 2367 parentibus

15 2399 17 2414 t
98 2371 305 2452 &majoribus
318 2367 379 2434 suis
401 2371 549 2453 accepisse.
596 2370 684 2433 Unde
698 2370 788 2432 etiam
812 2385 947 2453 apparet,
972 2391 1033 2436 non
1046 2373 1121 2436 dnm

97 2460 128 2522 id
148 2461 293 2541 temporis
306 2464 451 2522 Romanae
467 2457 622 2540 majestatis
647 2457 774 2541 gloriam
797 2458 838 2522 ad
858 2459 1012 2521 Britannos
1027 2455 1121 2523 trans·

15 2617 16 2624 ἵ
96 2546 188 2612 latam
203 2547 235 2610 in
250 2548 344 2610 titulis
360 2544 511 2610 refrixisse.
557 2545 752 2617 Crediderim,
767 2547 883 2609 Artnrii
900 2549 989 2608 etiam
1011 2567 1122 2612 nomen

15 2631 16 2680 l
97 2635 248 2718 originem
273 2635 312 2698 ab
335 2634 466 2696 Arturiis
490 2636 631 2698 Romanis
668 2633 816 2716 accepisse.
859 2634 1009 2715 Juvenalis
1032 2641 1123 2718 poe‘ta
1173 2678 1176 2685 ·

15 2757 16 2802 ς
95 2725 197 2806 Satyra
212 2723 301 2786 tertia
309 2724 354 2786 ita
367 2719 485 2787 scribit:

225 2849 489 3001 Cedamuslpatria,
513 2851 626 2913 vivant
640 2849 784 2911 Araurius
798 2847 859 2927 istic

224 2943 267 3002 Et
281 2943 355 3002 Catu
404 2971 685 3002 .----·-

97 3073 290 3154 Qanqnam,
313 3063 432 3130 redatla
446 3067 477 3128 in
493 3066 674 3148 provinciam
698 3061 715 3124 ai
739 3062 868 3126 Claudio
889 3061 1049 3137 Britannia,
1071 3059 1116 3126 fa-

96 3155 319 3220 miliariffimum
332 3170 396 3216 erat
410 3155 557 3227 Britannis
572 3152 766 3214 nobilioribus
781 3155 986 3214 Romanorum
996 3153 1117 3216 nomina

15 3239 16 3246 '
96 3243 146 3307 srbi
160 3245 274 3327 partim
288 3239 448 3317 desumere,
471 3241 499 3304 dt
519 3239 588 3304 filiis
608 3237 841 3322 frequentissime
856 3235 968 3313 indere,
990 3237 1060 3311 hoc,
1082 3253 1118 3302 nt

95 3352 147 3414 ego
161 3330 250 3414 plane
271 3329 409 3405 arbitror,
431 3327 553 3392 consilio
566 3349 625 3394 non
648 3329 751 3410 inepto
765 3325 874 3400 dusiis,
897 3324 982 3408 quod
1001 3324 1072 3390 hinc
1086 3327 1117 3388 n

95 3417 147 3482 fibi
160 3414 283 3500 suisque
295 3417 439 3482 honorem
454 3415 540 3478 simul
555 3417 585 3476 8<
599 3415 617 3478 a
630 3415 772 3478 Romanis
793 3412 916 3496 gratiam
937 3412 1020 3476 facile
1035 3432 1117 3478 eom·

97 3522 242 3588 pararent.
266 3505 388 3578 Lucius,
404 3502 453 3568 cui
464 3503 598 3566 Britanni
613 3523 780 3588 cognomen
788 3501 891 3584 Magni
905 3499 1116 3575 attribuerunt,

97 3591 316 3666 Constantinus,
331 3593 362 3654 ἃ
375 3589 421 3655 ille
436 3611 560 3674 quoqne
574 3593 713 3674 Magnus,
730 3587 871 3652 Aurelius
884 3587 1069 3662 Ambrosius,
1087 3589 1117 3650 a

96 3681 139 3744 his
151 3681 299 3746 Artnrins
314 3699 374 3742 non
387 3676 511 3744 inferior
525 3698 623 3740 meam
639 3677 829 3744 vehementer
843 3675 1041 3758 comprobant
1055 3671 1118 3741 sen·

96 3769 227 3832 tentiam.
273 3765 358 3829 Idem
379 3786 503 3850 quoque
522 3768 554 3829 in
576 3765 725 3828 nobilium
749 3763 969 3828 nomenclatura
994 3762 1269 3844 semina-F01‚14.2‚

96 3876 163 3920 rum
176 3854 291 3918 fanum
305 3851 358 3918 est.
382 3853 533 3934 Exemplo
547 3849 616 3916 sunt
630 3852 758 3915 Claudia
768 3849 892 3925 Rufina,
908 3849 978 3912 teste
986 3851 1118 3916 Martiali

95 3951 192 4025 poeta,
215 3939 419 4016 eruditiffima,
442 3941 556 4003 Helena
579 3937 764 4013 sandl'tslrma,
786 3940 817 4001 a<
839 3934 947 4002 Ursula
960 3933 1119 4020 Cynosura

15 4077 17 4096 .
95 4030 152 4092 illa.
197 4029 293 4116 Qrod
306 4042 407 4092 autem
422 4025 573 4111 inscriptio
588 4023 758 4110 figilliserie
772 4025 902 4111 quadam
916 4043 986 4089 eum
1002 4027 1118 4092 Britan·

95 4118 157 4194 niae,
180 4117 301 4192 Galliae,
323 4116 503 4190 Germaniae,
527 4116 628 4178 Daciae
641 4114 771 4196 deniqne
796 4111 1005 4195 imperatorem
1019 4130 1118 4199 voret,

96 4201 352 4270 consuetudine&
378 4204 532 4289 diligentia
554 4204 612 4266 hoc
631 4222 753 4285 qnoque
766 4197 880 4265 sactum
903 4204 1048 4274 Romana,
1071 4217 1119 4279 ut,

97 4313 153 4358 nna
166 4313 235 4357 cnm
253 4285 425 4380 triumphis,
447 4293 477 4356 dc
496 4291 574 4358 tituli
595 4289 781 4361 devictarum
801 4288 937 4376 gentium
951 4285 1057 4352 anon
1071 4309 1121 4353 ac·
1181 4360 1184 4364 ¹

138 4382 226 4472 ilar,⁸
246 4383 274 4444 V
570 4379 597 4444 E
947 4370 1121 4469 crescerent.
