2942 4884
221 235 251 340 λ’.

476 215 1192 356 ‘Joannrsnsaaunr

389 387 447 452 Sed
463 409 562 472 operae
578 389 708 472 pretium
722 383 765 449 est
782 383 969 470 cognoscere,
986 410 1049 472 qua
1063 406 1127 453 arte
1141 387 1233 454 fidem
1248 386 1375 463 historia

343 471 562 550 straeadstruat.
606 477 708 549 Prium
723 471 840 538 strenue
855 473 1056 544 debacchatur
1074 477 1317 557 lnGalfrednm,
1340 495 1375 544 ut
1448 547 1451 551 ,

344 567 408 646 ejus
423 567 616 638 autoritatem
630 565 735 638 elevet,
750 563 796 632 a
805 560 863 636 suae
875 563 1031 642 sanissimae
1045 565 1172 628 vanitati
1186 567 1314 650 pondus,
1327 591 1375 630 ro·

269 725 270 729 Ἰ
345 655 415 728 bur,
439 657 595 716 veritatem
620 654 708 715 etiam
736 652 914 716 accumulet.
960 654 1087 731 Deinde,
1110 663 1201 737 quem
1226 671 1270 718 tot
1295 653 1377 720 saevis

347 741 442 804 verbis
457 733 528 803 ante
544 743 753 814 lancinaverat,
777 736 897 822 cogitur
921 739 1013 804 homo
1039 743 1310 826 impudentissimus
1326 765 1377 827 per

346 819 644 911 bonamantiquioris
661 827 788 889 hillntiae
801 843 912 910 partem
922 826 1014 912 sequi.
1045 833 1087 892 At
1100 831 1172 893 huic
1184 834 1378 916 impudentia

347 920 436 981 venia
447 934 525 978 certe
540 915 637 978 danda
653 913 704 989 est,
728 915 800 996 quia
816 907 1026 1000 alium‘quem
1041 918 1120 981 redte
1132 916 1313 1003 sequeretur,
1325 943 1378 984 au·

348 1021 447 1078 torem
464 999 580 1088 prorsus
595 1003 715 1066 nullum
732 1003 847 1066 habuit.
894 1002 997 1088 Usque
1010 1006 1086 1069 adeo
1101 1024 1202 1069 tamen
1213 1007 1257 1072 sui
1272 1010 1378 1072 imme·

348 1116 418 1161 mor
435 1113 494 1154 non
511 1091 579 1164 suit,
603 1092 677 1173 quin
691 1091 788 1152 obiter
805 1094 834 1153 in
849 1093 959 1154 ducent
974 1092 1072 1168 suum,
1100 1110 1245 1178 tanquam
1257 1095 1379 1172 fatuum

297 1191 300 1202 ’
350 1183 380 1254 δι
397 1179 579 1254 mendacem,
605 1180 701 1240 multo
715 1175 784 1255 sale,
808 1196 843 1241 ut
857 1179 897 1243 esl
911 1182 984 1243 mire
997 1198 1132 1266 argutus,
1157 1183 1285 1266 lepidus,
1300 1183 1379 1248 face·

350 1283 410 1344 tua,
434 1267 560 1332 luderet.
608 1270 712 1348 Atque
737 1267 794 1329 hoc
817 1289 881 1330 non
905 1267 965 1331 alio
987 1269 1025 1333 ab
1050 1292 1087 1332 eo
1109 1274 1230 1334 nomine
1251 1271 1378 1346 fastum,

347 1377 444 1516 felbaum
468 1375 506 1419 ne
528 1351 590 1418 ullo
615 1356 782 1438 approbate
804 1356 898 1419 modo
923 1357 1070 1437 videatur,
1104 1380 1196 1444 quem
1224 1362 1307 1443 prius
1334 1364 1378 1425 in·

412 1442 542 1506 ntusest.
959 1475 962 1481 ,

395 1533 470 1596 Fieri
487 1533 537 1594 hic
552 1528 657 1613 potest,
680 1544 715 1592 ut
727 1530 837 1612 aliquis
853 1531 926 1594 mibi
941 1529 1073 1611 objiciat,
1099 1533 1234 1596 Codrum
1251 1555 1309 1597 non
1325 1536 1381 1599 else

350 1622 495 1706 primum,
513 1619 565 1701 qui
580 1616 764 1681 Galftedum
779 1617 934 1703 sugillavit,
959 1621 989 1681 aa
1004 1621 1076 1684 alios
1092 1637 1193 1684 extare
1213 1619 1380 1705 scriptores,

351 1729 487 1793 quorum
502 1709 663 1770 autoritate
678 1708 709 1768 in
728 1708 831 1790 primis
844 1706 970 1770 historiae
988 1705 1045 1769 suae
1056 1709 1137 1770 libris
1153 1729 1213 1771 non
1228 1731 1296 1772 raro
1312 1709 1380 1774 usus

352 1796 405 1859 est.
434 1797 482 1858 Ad
500 1795 562 1856 hac
577 1793 634 1880 e'go
649 1795 779 1858 breviter
799 1796 828 1856 in
852 1793 1000 1878 praesentia
1017 1793 1210 1878 respondebo,
1234 1801 1380 1862 Gulielmi

309 1943 312 1947 .
350 1885 452 1960 Pani,
486 1884 620 1946 canonici
650 1883 903 1964 Norobnrgenfis,
940 1884 1031 1946 verba
1052 1885 1175 1948 minoris
1200 1885 1256 1948 else
1281 1890 1381 1968 pretii,

353 1992 446 2056 quant
461 1987 496 2033 ut
511 1973 541 2034 in
556 1968 747 2034 confutandis
758 1971 814 2034 illis
829 1972 956 2035 libenter
969 1973 1055 2033 velint
1072 1973 1216 2036 laborate.
1248 1977 1317 2036 Fuit
1331 1975 1381 2038 ille

353 2059 665 2140 etenim'dignilsttnus,
674 2059 935 2143 quicumCodrum
943 2058 1089 2133 conseras,
1102 2063 1229 2124 maxime
1237 2062 1266 2124 in
1274 2064 1382 2146 'cogni-

352 2152 435 2211 tione
452 2147 636 2229 antiquitatis
651 2149 838 2210 Britannicae.
873 2149 976 2221 Porro,
1000 2165 1147 2230 quantum
1161 2150 1197 2210 ad
1212 2150 1380 2226 Romanos,
1462 2204 1463 2209 ,

315 2257 317 2263 ’
352 2239 408 2320 qni
425 2235 462 2298 de
475 2237 561 2314 rebus
573 2233 678 2298 nostris
693 2235 789 2297 modo
803 2235 941 2307 breviter,
963 2236 1055 2300 modo
1070 2235 1195 2310 concise,
1221 2239 1312 2302 modo
1328 2261 1382 2321 pa·

350 2345 421 2388 runt
437 2345 504 2386 vere
520 2319 706 2404 scripserunt,
731 2343 820 2385 nemo
845 2343 883 2384 ex
908 2323 966 2384 illis
991 2323 1108 2406 aliquid
1122 2322 1222 2388 saltem
1237 2327 1382 2390 memoria

351 2412 482 2495 dignum
502 2409 539 2473 de
556 2411 717 2484 Britannia,
742 2409 827 2491 quod
842 2429 898 2494 ego
918 2407 1017 2485 sciam,
1037 2428 1107 2475 ante
1119 2411 1263 2476 Caesarem
1275 2414 1384 2477 edidit.

350 2502 393 2564 Et
416 2499 514 2561 omnia
540 2519 610 2582 quan
634 2493 731 2562 Caesar
748 2496 871 2580 scripbt,
895 2514 1164 2584 quantumcunque
1190 2501 1269 2564 illius
1294 2502 1384 2564 didlis

353 2587 472 2658 Codrus
488 2587 612 2660 tribuat,
636 2587 710 2648 milti
722 2607 783 2648 nnn
797 2585 934 2650 videntur
950 2585 967 2648 ὲ
981 2588 1097 2670 tripode
1112 2587 1257 2670 profesta,
1273 2591 1382 2674 q‘uetn·

351 2675 518 2737 admodum
531 2693 629 2756 neque
643 2673 698 2735 alia
712 2673 816 2745 multa,
839 2695 910 2755 quae
929 2673 1029 2757 polica
1051 2673 1069 2738 a
1096 2676 1211 2741 Latinis
1226 2678 1384 2743 autoribus

349 2763 390 2826 de
404 2761 566 2826 Britanniis
582 2759 745 2844 posteritati
762 2760 870 2824 tradita
881 2759 958 2825 sunt.

396 2857 439 2914 At
453 2871 544 2925 nunc,
568 2867 601 2912 ut
619 2853 821 2912 Romanorum
836 2853 988 2926 autoritas,
1012 2871 1072 2933 qua
1087 2848 1257 2936 frequenter
1269 2850 1382 2931 utitur,

349 2937 445 3013 fileat,
468 2931 588 3018 objiciet
608 2938 682 3002 alter
697 2937 819 3000 Gildam
838 2937 1122 3014 Bannocborensem,
1147 2941 1177 3000 a
1200 2940 1310 3002 Bedam
1326 2943 1384 3002 Gi·

349 3023 533 3090 rovicensem
551 3026 725 3100 monachos,
748 3047 879 3108 quorum
899 3025 1080 3101 testimoniis,
1103 3027 1185 3089 velut
1200 3023 1384 3110 quibusdam

341 3115 447 3204 ¹uernis
459 3113 592 3188 floribus,
607 3116 716 3196 primos
729 3112 854 3175 historiae
866 3106 923 3177 suae
938 3135 1059 3198 campos
1075 3115 1246 3197 interpolat.
1261 3131 1385 3180 tantum

341 3203 441 3277 abest,
462 3220 496 3264 nt
512 3204 660 3264 neminem
672 3216 780 3284 praeter
795 3222 889 3264 unum
906 3199 1083 3264 Galsredum
1100 3204 1217 3278 babeat,
1237 3215 1335 3285 ‘quem
1350 3205 1385 3267 in

350 3289 481 3356 eruenda
504 3275 680 3373 antiquitate
704 3287 856 3373 sequatur.
902 3288 1083 3370 Huiusmodi
1120 3291 1301 3370 objestiones
1329 3312 1383 3356 me

343 3399 510 3460 nunqnam
525 3380 563 3440 ad
589 3379 769 3460 palinodiam
795 3378 928 3461 adigant.
973 3382 1045 3440 Non
1069 3400 1117 3442 me
1140 3381 1220 3454 latet,
1244 3377 1385 3443 libellum

280 3491 282 3495 ·
350 3465 535 3530 circumferri
552 3467 641 3529 titulo
656 3465 767 3544 Gildae,
779 3468 916 3548 quamvis
928 3466 1008 3528 dosii
1019 3468 1209 3530 vehementer
1223 3467 1261 3532 de
1275 3483 1385 3530 autore

344 3555 502 3629 dubitent,
526 3556 557 3616 in
572 3574 636 3636 qno
648 3554 776 3636 paucula
790 3553 930 3636 quaedam
946 3554 984 3615 de
999 3556 1155 3616 Britannia
1170 3555 1294 3616 florente
1308 3555 1383 3617 levi-

243 3641 250 3654 *
350 3656 396 3704 ter
411 3641 591 3716 reseruntur,
616 3644 645 3703 a
668 3641 824 3724 aliquanto
847 3640 931 3722 plnra
954 3643 992 3704 dc
1013 3643 1129 3718 eadem,
1152 3642 1264 3726 gladio,
1287 3639 1384 3719 same,
1445 3683 1451 3690 ·

333 4355 362 4419 ,d
380 4354 492 4431 Prisfiartr
509 4365 584 4408 tamen
598 4369 643 4424 per
658 4371 672 4405 e
680 4353 757 4421 scribi,
777 4345 900 4424 rudemque.
911 4356 973 4409 modo
989 4356 1011 4410 itt
1029 4356 1123 4429 anitquis
1141 4355 1203 4416 codd.
1226 4356 1255 4413 (a

256 4476 261 4484 .
344 4436 447 4473 «aaran.
517 4465 518 4471 ,
952 4435 971 4495 b,
1324 4442 1430 4500 aut,

348 3728 431 3814 peste
456 3729 494 3792 ad
522 3731 757 3793 internecionem
786 3727 850 3792 sere
875 3731 1040 3810 laborante,
1076 3732 1275 3794 Inculcantur.
1320 3731 1385 3794 Sed

349 3819 425 3900 qnid
443 3819 501 3881 hoc
514 3821 568 3894 rei,
592 3818 677 3904 quod
692 3817 916 3902 qualiacunque
931 3818 978 3880 illa
994 3838 1051 3881 non
1063 3818 1140 3881 dum
1154 3815 1262 3881 benaa
1276 3817 1386 3882 Codro

347 3905 497 3970 intelledl'a
513 3905 572 4007 stnt
586 3907 597 3968 ἓ
623 3909 665 3968 Ut
680 3923 694 3954 ²
709 3906 873 3990 intellegat,
897 3907 975 3989 qnid
988 3906 1046 3969 illic
1062 3908 1259 3990 antiquorum
1272 3927 1387 3991 regum

382 4026 977 4140 ²Sicbelandrts,iawrelGrommaticavetp'ariffirnar.
1010 4030 1063 4076 Nec
1074 4026 1141 4104 aliter
1153 4026 1212 4106 alili.
1251 4025 1387 4104 blesct'stce²
1460 4070 1461 4079 .

347 4089 375 4144 al
391 4091 555 4159 orthographia
573 4093 655 4159 regulas
674 4083 801 4158 discederet.
819 4097 843 4141 A
867 4107 929 4142 tuter
942 4095 969 4143 dr
981 4091 1035 4159 lego
1046 4093 1077 4158 est
1092 4092 1212 4160 intelligo,
1229 4096 1254 4143 R
1270 4111 1293 4142 m
1305 4094 1328 4142 L
1340 4094 1386 4142 ab·

298 4155 300 4166 ⁴
337 4167 421 4209 ,tritta
458 4163 512 4208 Nun
524 4159 600 4225 dedunt
617 4159 683 4207 etiam
701 4157 738 4222 qui
753 4157 780 4206 ab
798 4159 864 4207 intus
883 4159 910 4208 dr
923 4157 986 4224 lego,
1003 4157 1139 4209 utUaleat
1155 4161 1178 4208 ita
1187 4161 1220 4219 Ε,
1238 4161 1266 4211 dr
1284 4156 1387 4208 intelli-

346 4239 401 4290 gere
409 4224 465 4274 idem
480 4223 512 4288 fit
536 4225 578 4274 uod
588 4225 653 4274 intus
668 4222 754 4288 legere.
784 4225 850 4273 Ptt'ar
862 4223 977 4290 sententia
989 4241 1025 4272 ma
1042 4224 1060 4273 it
1069 4224 1157 4290 placet.
1175 4225 1389 4296 Verumqaumodoff

346 4305 430 4356 cunque
441 4289 509 4355 horse
520 4241 608 4350 subeat,
624 4289 680 4337 illud
688 4299 774 4337 certum
786 4288 826 4352 est,
844 4290 948 4357 quamvis
960 4241 1094 4367 intelligere
1100 4302 1144 4357 per
1158 4292 1167 4338 i
1178 4290 1249 4360 vulgo
1260 4291 1386 4411 epersstbcr,

1281 4369 1310 4425 (lp
1356 4373 1387 4405 143
