2942 4884
259 176 986 262 asenirroanrurtrn
1115 239 1121 249 .
1216 214 1258 286 37

109 326 224 391 nenda
245 333 325 390 nota
349 327 495 389 nudiores.
540 323 731 398 Mordredus,
768 324 990 414 inclinationem
1013 321 1158 390 sortunae'
1193 354 1195 359 ·
1289 343 1293 350 ’

109 412 266 491 accusans,
289 431 462 498 recuperata
476 412 570 486 classe,
593 433 663 476 cum
689 411 823 494 reliquiis
838 416 986 476 exereitus
1001 413 1143 483 Tamari·

112 521 194 566 num
209 501 351 586 inglorius
377 517 511 584 portum,
533 501 658 564 limitem
685 503 823 574 Coriniae,
847 504 942 582 petiit.
986 501 1142 565 Gallouini

111 583 221 654 nobile
231 589 365 658 sunusin
376 591 507 672 quodam
521 584 625 650 sacello
637 587 779 652 Durenlis
789 586 877 650 castri
890 590 1075 653 tumulatum
1087 585 1141 654 est,
1150 603 1205 655 rol.
1218 612 1255 656 ru.
1266 606 1294 655 t:

111 679 272 760 Ingemuit
296 680 448 752 Artorius,
476 677 650 762 percognita
673 676 753 738 caede
775 675 905 740 duorum
928 680 1062 741 virorum
1082 693 1144 740 tant

112 767 232 832 eximie
255 765 423 842 illustrium,
446 764 475 826 dt
500 785 607 828 eorum
628 763 765 826 manibus
785 761 935 847 frequenti
961 785 1059 848 prece,
1082 765 1146 830 alto

110 854 214 916 corde
223 853 357 916 dolorem
371 872 516 935 premens,
540 849 708 935 generosus,
730 851 872 934 idemque
887 851 955 936 pius
966 855 1146 936 parentauita

110 940 240 1003 Deinde
256 961 335 1016 vero,
355 939 437 1021 justo
451 941 582 1004 exercitu
597 937 763 1020 incredibili
776 959 845 1002 cum
858 940 1006 1006 eeleritate
1020 938 1146 1019 refello,

110 1025 226 1090 statuit
239 1031 353 1113 magnis
368 1027 520 1091 itineribus
535 1025 648 1090 hostem
662 1027 832 1110 improbum
848 1023 992 1112 persequi,
1015 1029 1046 1091 dr
1059 1027 1158 1112 quali»
1177 1073 1179 1082 ,
1288 1069 1293 1084 ·

109 1137 154 1178 ex
169 1115 331 1199 improviso
348 1113 510 1200 fugitivum
529 1115 706 1198 opprimere.
753 1115 896 1178 Callidior
919 1132 984 1178 erat
1003 1116 1144 1180 Modra,

78 1233 83 1245 ν
109 1204 192 1280 dns,
207 1224 297 1287 quam
310 1203 427 1266 sortior.
464 1204 543 1266 Hinc
557 1203 599 1264 illi
614 1201 775 1265 methodus
789 1203 827 1264 ad
841 1216 918 1266 artes
929 1222 991 1267 non
1004 1200 1145 1268 insuetas.
1222 1211 1230 1232 ⁸

110 1293 273 1374 Cognovit
297 1289 414 1374 liquido
435 1311 486 1374 per
511 1291 721 1374 exploratoreS,
742 1289 900 1354 adventare
923 1290 1146 1358 Arturtumad

107 1379 236 1442 bellum
257 1377 520 1442 instruitiffirnum.
565 1381 667 1462 Quare
691 1376 819 1441 militem
843 1379 874 1440 in
901 1393 1012 1442 terram
1034 1395 1153 1463 utpote¹

108 1465 238 1543 sessum,
268 1482 332 1529 tum
354 1463 419 1530 salis
444 1467 543 1541 taedio,
567 1481 631 1528 turn
654 1485 781 1530 annonae
803 1466 938 1549 penuria,
966 1463 1152 1533 descendere-

103 1545 209 1635 jnffit,
230 1573 264 1618 ac
277 1556 416 1637 reparatis
429 1551 583 1628 industria,
598 1551 710 1628 labore,
733 1552 898 1638 diligentia,
918 1569 1030 1637 quanta
1040 1538 1155 1640 potuit*

108 1643 259 1716 maxima,
281 1643 380 1717 armis,
402 1662 454 1726 per
467 1655 607 1704 montana
621 1641 760 1718 Coriniae,
776 1662 836 1724 qua
849 1639 866 1704 s
861 1639 960 1724 pellat
973 1643 1074 1706 littora
1089 1646 1148 1706 Sa·-

107 1729 251 1794 brinaica
264 1748 324 1792 non
338 1729 428 1813 longe
453 1727 558 1806 dissita,
580 1728 742 1792 exercitum
765 1729 853 1794 lentis
878 1730 1031 1793 itineribus
1045 1729 1140 1808 ducit,

111 1820 145 1880 ἃ
161 1819 197 1880 in
209 1820 285 1892 loco,
307 1819 362 1899 qui
387 1817 405 1880 a
428 1818 520 1902 vulgo
536 1814 715 1900 scriptorum
730 1817 877 1903 Camblan
891 1818 1064 1900 appellatur,
1085 1817 1151 1901 ubi=

115 1905 211 1980 vasta,
231 1926 265 1968 ac
290 1907 397 1988 partim
417 1903 510 1968 etiam
533 1901 678 1988 uliginosa
701 1903 848 1988 planities,
880 1906 911 1967 a
931 1905 1087 1970 colliculus
1107 1907 1141 1968 in

109 1990 241 2076 speculae
259 1990 439 2078 consurgene
461 1988 558 2069 usum,
592 1991 685 2055 castra
709 2006 839 2055 metatus
862 1990 915 2058 etl.
957 1993 1018 2057 Hic
1039 2012 1141 2056 meum

107 2101 208 2166 cogor
221 2082 406 2163 interponere
422 2079 574 2159 judicium
588 2080 625 2144 de
641 2081 709 2144 loeo
734 2076 765 2144 in
786 2098 850 2163 quo
864 2080 1071 2164 depugnatum
1084 2079 1139 2156 est,

110 2170 144 2231 a
168 2171 231 2250 eius
255 2170 384 2245 nomine,
406 2188 467 2230 non
491 2167 577 2251 quod
602 2169 672 2232 hiue
697 2169 797 2232 mein
820 2167 953 2231 medium
976 2167 1139 2231 allaturum

109 2271 219 2340 putem
232 2256 357 2340 aliquid,
382 2257 522 2339 tanquam
549 2255 566 2318 ὲ
588 2258 670 2334 Jords
685 2255 817 2330 cerebro,
839 2251 890 2319 sed
905 2271 949 2332 ut,
972 2257 1051 2320 bona
1065 2275 1146 2328 curn¹

109 2345 304 2408 eruditorum
315 2347 420 2428 gratia,
437 2341 636 2424 conjecturam
644 2363 741 2406 meam
750 2341 1140 2428 citrasomum,sa1lumqne

108 2452 243 2508 omnem,
266 2431 359 2494 veluti
377 2433 409 2494 in
436 2429 611 2506 transcursu,
645 2433 747 2514 paucis
764 2433 922 2514 explicem.
963 2436 1034 2520 Qa
1054 2446 1139 2516 parte

109 2519 241 2604 ingenue
257 2517 363 2594 fateor,
384 2539 465 2604 aegre
480 2517 584 2582 sentire
609 2539 658 2582 me
672 2541 741 2582 curn
757 2519 885 2583 Heliore
907 2522 1035 2583 Boethio
1050 2521 1139 2582 Scot-

109 2622 167 2682 to,.
179 2607 233 2692 qui
248 2628 304 2690 pro
318 2629 402 2672 more
416 2605 470 2670 suo
492 2606 677 2670 illustriffima
692 2627 820 2690 quaeque
843 2609 874 2670 in
896 2607 1047 2670 Britannia
1060 2603 1138 2670 anti·

106 2697 215 2777 quitus
229 2692 310 2758 salla
324 2713 431 2778 prater
454 2696 578 2758 modum
594 2697 624 2756 8<
648 2691 814 2756 mensuram
828 2714 948 2756 omnem
973 2697 1003 2757 in
1024 2696 1138 2778 patrios
1217 2747 1220 2752 .

108 2783 237 2846 deducit
251 2803 348 2866 agros,
371 2800 461 2867 atque
476 2784 525 2848 hic
548 2781 688 2846 audaster
714 2783 900 2864 pronunciat,
923 2784 1061 2845 extremis
1077 2785 1137 2846 Ar·

110 2873 226 2934 turium
238 2869 416 2954 depugnasse
430 2871 518 2956 fignis
541 2891 599 2933 non
621 2871 722 2954 procul
748 2870 786 2933 ab
799 2870 883 2933 Abro
895 2869 1028 2932 aestuario
1040 2870 1137 2934 maxi·

106 2977 173 3032 mo,
195 2961 279 3041 quod
294 2957 342 3022 ille
357 2955 528 3022 Humbrunt
549 2958 682 3033 barbare,
706 2958 960 3041 ignota·vocabuli
972 2959 1134 3036 notatione,

106 3132 247 3216 supremo
261 3134 424 3198 conflixisse
438 3135 518 3198 bello
542 3134 702 3196 adfirmat:
725 3136 767 3196 ita
781 3151 880 3197 tamen
904 3150 940 3196 ut
965 3135 1134 3198 meminerit

108 3223 266 3288 Mordredi
289 3219 416 3287 secundo
439 3223 478 3286 ab
498 3223 624 3290 Atturio
648 3221 728 3296 vieti,
753 3223 783 3284 8<
808 3220 905 3306 fugati
919 3223 1026 3283 Ventae
1041 3223 1135 3286 Sime-

106 3331 227 3374 norum.
272 3312 383 3373 Graius
399 3312 458 3374 hoc
482 3308 678 3390 idernsentit,
701 3310 837 3394 egregius
859 3309 996 3392 profesio
1009 3306 1134 3388 satelles,

108 3399 139 3460 a
154 3399 324 3462 Arturianae
338 3398 458 3462 assertor
478 3397 579 3482 gloriae
601 3396 727 3479 rigidus.
772 3401 836 3461 Nec
857 3395 938 3460 aliter
951 3398 1137 3464 literatorum

107 3501 234 3568 argutus
243 3487 354 3548 ¹chorus
365 3489 521 3550 'concinit'
553 3493 594 3548 At
610 3483 779 3548 nostra’non
793 3483 834 3548 eil
849 3484 986 3568 equidem
1002 3485 1134 3561 deloco,

107 3573 158 3636 sed
176 3575 214 3636 de
233 3573 289 3637 loci
304 3579 424 3637 nomine
436 3573 618 3654 conjectura.
660 3577 728 3657 Ego
752 3589 832 3636 certe
858 3593 930 3653 pene
953 3571 1085 3636 adducor
1098 3588 1136 3637 ut

104 3661 236 3736 credam,
259 3663 413 3724 Alaunutn
438 3662 565 3724 fluvium
589 3658 676 3723 facile
695 3661 876 3744 degenerasse
897 3662 973 3723 uitio
993 3660 1133 3724 indosto·

105 3769 176 3818 rum
190 3751 376 3812 librariorum
390 3749 422 3812 in
439 3744 596 3812 Camblanss
622 3745 625 3752 ’
643 3751 747 3811 Oritur
760 3750 812 3811 hic
831 3749 939 3810 fluuius
963 3750 993 3810 in
1008 3751 1133 3813 Corinia

105 3839 211 3920 paucis
227 3837 363 3921 passuum
387 3837 519 3900 millibus
535 3833 855 3919 supraAthelstouam,
878 3837 949 3899 alias
964 3835 1132 3912 Padeslow,
1223 3831 1226 3836 ’
1272 3846 1277 3856 “

105 3927 256 4008 oppidum
271 3923 471 4008 piscatorium,
496 3947 555 3988 non
571 3924 645 3986 adeo
660 3923 765 4008 procul
787 3923 804 3985 ai
826 3923 952 3986 Sabrino
969 3922 1041 3985 aeliu
1056 3924 1133 4006 post·
1160 3954 1162 3958 v

105 4029 181 4088 tam,
194 4035 246 4096 per
258 4013 353 4095 quod,
369 4011 417 4076 sed
429 4010 507 4074 salsis
518 4013 629 4076 mixtus
640 4015 738 4094 aquis,
752 4010 912 4074 delabitur.
936 4015 1023 4075 Circa
1033 4008 1134 4076 fontes

105 4103 173 4180 ejus
186 4101 312 4184 originis
335 4103 365 4163 in
381 4100 547 4182 campestri,
570 4102 600 4162 8<
615 4099 692 4160 valla
712 4099 845 4181 quadam
861 4100 983 4182 planitie
993 4097 1035 4162 est
1049 4100 1135 4162 locun

99 4187 185 4250 sama
195 4189 419 4262 celeberrimus,
429 4207 432 4216 ’
442 4186 596 4270 graminis,
617 4209 711 4270 quam
726 4187 870 4250 frumenti
888 4190 1044 4272 aliquanto
1057 4185 1134 4250 sera·

96 4279 174 4342 einr.
219 4279 321 4358 Fama,
343 4291 390 4341 tot
411 4272 515 4342 seculis
538 4273 621 4359 apud
646 4276 761 4338 incolas
775 4271 954 4353 conseruata,
977 4276 1131 4361 praedicat,

1031 4373 1035 4383 ’
1073 4363 1133 4428 hoc

1153 4633 1166 4670 Ι
1237 4612 1245 4622 .
