2942 4884
815 83 822 112 i

488 254 519 343 J.
565 234 832 328 estanar
876 265 1286 354 ιιιτιιζιιιιιιιΙ

407 405 570 477 Mellill'uos
585 410 726 474 modulos
742 407 877 496 quisquis
891 381 950 476 suit
965 412 1012 480 ille
1027 413 1156 480 deorum

453 501 516 584 Qvi
533 518 561 561 te
576 500 733 581 perdocuit
748 499 1008 584 contremulosque
1029 517 1128 580 tonos,

411 586 441 647 A
456 605 485 649 te
501 584 647 668 discipulo
662 589 809 670 praeconia
824 589 924 652 lueida
939 587 1072 673 sumpsit,

455 677 550 753 Cujus
567 691 730 738 concentus
747 673 841 758 pulsat
856 693 957 738 utrum
960 699 1020 761 que
1036 677 1151 760 polum,

386 804 389 823 .
411 761 595 824 Crediderim
611 762 764 826 Phoebum
781 762 820 826 sre
836 781 865 827 te
880 764 1046 828 inllruro'lle
1059 785 1219 844 canorum,

455 852 594 912 Carmina
611 866 674 912 tam
687 849 801 914 melicis
816 845 946 915 concinis
961 850 1056 936 usque
1071 851 1160 916 sonis

331 948 341 975 ⁴*
411 939 482 1000 Non
498 952 526 1002 te
540 925 690 1000 convindit
703 936 785 1001 sarna
799 937 1009 1004 celeberrimus
1024 943 1175 1026 Orpheus,

458 1029 502 1088 Ut
518 1046 572 1090 nec
586 1026 715 1089 Arioniae
731 1025 857 1091 stamina
871 1028 940 1092 laeta
955 1031 1035 1108 lyrae

413 1117 476 1176 Nec
492 1129 521 1177 te
534 1115 684 1177 convincit
698 1111 807 1178 resonis
812 1116 979 1219 'philomela
984 1114 1132 1218 querelis,

460 1200 528 1264 Nec
544 1205 608 1284 qui,
632 1223 730 1285 quum
743 1205 883 1279 moritur,
906 1202 1039 1266 concinit
1055 1203 1142 1276 albus
1153 1201 1237 1268 olor.

415 1290 573 1354 Fulmineo
586 1291 702 1354 caderet
718 1311 815 1373 quom
830 1289 925 1354 srasla
939 1294 1071 1354 Bononia
1087 1289 1177 1376 bello,

462 1381 501 1439 Et
512 1380 646 1440 Morinos
663 1396 829 1460 premerent
846 1380 957 1442 lisania
973 1379 1031 1442 tela
1048 1395 1157 1456 truces,

418 1466 509 1530 Talia
524 1463 674 1547 personuit
690 1465 773 1531 dulci
791 1483 843 1529 tua
858 1468 956 1532 cantio
970 1488 1051 1544 voce,

461 1553 571 1639 Qalia
585 1555 632 1616 vel
644 1552 739 1616 Musae
752 1555 931 1618 concinuisse
944 1556 1047 1618 velint.

418 1646 489 1705 Non
505 1641 626 1713 meliora
641 1642 765 1725 quidem
780 1645 893 1704 Dantes
908 1644 989 1706 dedit
1005 1641 1134 1725 inclytus
1148 1641 1212 1720 ille,

464 1735 529 1790 Aut
544 1728 598 1811 qui
613 1730 780 1794 Petrarchae
796 1731 911 1797 nornine
927 1748 1012 1794 notus
1027 1747 1099 1794 erat.

424 1817 482 1878 Sed
498 1817 595 1899 neque
607 1819 779 1882 Chaueerus
795 1815 942 1882 resonanti
957 1818 1086 1882 muficus
1101 1840 1165 1898 ore,
1224 1824 1226 1838 '

463 1906 528 1965 Aut
542 1927 639 1981 meus,
663 1924 768 1990 arguta
782 1914 868 1982 voce,
890 1908 1005 1982 Viarus,
1029 1929 1124 1970 amor.

418 1995 506 2081 'Saepe
520 2013 551 2054 es
566 1994 729 2059 doliorum
752 2015 890 2058 numeros
906 1997 1026 2058 laudare
1042 1993 1157 2071 su'e'tuS,

464 2082 603 2144 Emeritis
619 2083 753 2146 tribuens
772 2085 891 2166 praemia
911 2083 1003 2166 digna
1018 2085 1096 2146 viris.

421 2169 560 2255 Denique
576 2186 610 2232 tu
626 2171 773 2252 punslum
789 2169 873 2234 saeile
889 2172 938 2234 hic
960 2171 999 2232 src
1017 2193 1105 2237 omne
1128 2167 1230 2245 tulilli,

466 2260 619 2339 impar-ut
638 2261 739 2322 videar
756 2258 898 2322 laudibus
913 2259 967 2322 esse
983 2261 1052 2323 tuis.

657 2385 708 2448 Aa
719 2386 835 2448 Helium
850 2387 996 2449 liubanem
1008 2383 1133 2470 Haffirm.

496 2516 614 2600 Xiguos
628 2516 728 2600 elegos
744 2536 838 2598 nuper
853 2514 1063 2583 transmisimus
1078 2517 1116 2580 ad
1132 2532 1176 2592 te,

543 2605 706 2679 Cultor‘ena
717 2605 824 2668 Phoebi
839 2605 1018 2688 Castaliique
1031 2606 1128 2670 chori.

215 2702 271 2762 hr-
284 2702 324 2747 ⁹³·
426 2695 558 2760 Reddita
573 2694 653 2756 nulla
669 2709 768 2759 tamen
785 2693 872 2758 uobis
889 2696 1024 2776 pervenit
1039 2683 1078 2756 ab
1093 2690 1183 2756 Hesso

470 2786 594 2858 Littera,
618 2802 687 2885 quae
705 2782 796 2864 pollet
810 2800 894 2864 grata
909 2777 985 2844 teser
988 2803 1018 2844 re
1033 2783 1120 2844 vices.

426 2872 573 2936 Provocat
588 2891 624 2932 eo
639 2873 748 2932 iterum
762 2869 890 2932 calamos
903 2871 1090 2954 Burgratus
1083 2882 1210 2953 rneptos‚

471 2962 520 3021 Da
535 2963 651 3022 veniam
667 2960 766 3042 nugis,
788 2977 896 3042 magne
912 2963 1011 3040 poeta,
1037 2959 1124 3020 meis.

690 3103 742 3168 Ad
752 3106 906 3190 Georgium
921 3107 1100 3168 Ferrarium.

431 3218 501 3366 Sl
521 3217 615 3280 modo
629 3215 817 3294 Verlamum,
839 3231 924 3278 vetus
940 3216 1010 3278 urbs
1024 3215 1189 3280 visioribus
1203 3213 1286 3280 olim

525 3309 658 3390 Cognita
670 3307 827 3380 Romanis,
852 3320 916 3367 tota
931 3307 1038 3366 niteret
1052 3324 1144 3371 ouans
1158 3326 1174 3368 :-

430 3398 477 3460 Te
493 3397 584 3457 niveis
604 3411 684 3461 certe
697 3393 848 3478 insrgniret
862 3407 946 3476 grata
961 3393 1080 3474 lapillis,

474 3485 606 3547 Texeret
619 3504 653 3544 ac
666 3481 747 3545 sacili
765 3481 856 3544 florea
872 3479 945 3544 serra
959 3501 1069 3544 manu:

431 3564 527 3657 Qeis
544 3588 594 3632 tua
607 3569 798 3653 congaudens
813 3567 966 3632 redimiret
986 3584 1119 3652 tempora
1133 3563 1205 3629 sella

475 3659 567 3744 Qod
580 3656 682 3721 Musas
695 3659 822 3731 deamet,
848 3653 1071 3739 Castaliumque
1085 3675 1220 3740 gregem.

433 3748 574 3810 Concidit
588 3748 725 3828 antiqua·
734 3744 784 3808 sed
798 3746 894 3828 gloria
907 3741 1044 3806 funditus
1062 3745 1155 3820 urbis,
1224 3751 1226 3758 ’

476 3834 586 3904 Albani
601 3832 705 3896 santam
722 3834 805 3916 quod
820 3835 965 3916 reparavit
989 3853 1075 3914 opus.

434 3926 576 3987 Fortunae
591 3919 730 3984 scandens
752 3922 813 3984 alta
833 3922 873 3984 ad
884 3919 1000 4002 fastigia
1016 3917 1150 3998 summac,

475 4011 666 4080 Cromuelltrs
681 4009 734 4072 fibi
751 4025 780 4073 te
792 4011 836 4072 vir
851 4027 934 4071 catus
950 4009 1075 4072 asseruit.

432 4098 551 4167 Deinde
564 4101 665 4163 auimo
678 4098 757 4179 leges
780 4099 889 4179 patrias
904 4098 1024 4167 evolvis,
1050 4099 1078 4159 de
1094 4095 1152 4160 illis

478 4188 605 4252 Sedulus
621 4185 749 4261 inservis,
774 4185 984 4265 caufidicoque
1004 4183 1079 4264 soro,

433 4272 601 4341 Patronum
614 4291 742 4337 veterem
758 4277 866 4356 repetis
882 4287 1025 4356 patronus
1041 4274 1144 4334 &e
1085 4270 1219 4358 ipse
1463 4303 1464 4310 ι

406 4430 408 4437 ,
479 4368 526 4432 Ac
540 4366 646 4452 lepidis
661 4363 749 4430 diuis
767 4362 941 4450 laetitiaeque
959 4359 1069 4427 studes.
1281 4391 1355 4512 d
1397 4443 1413 4462 ⁶

1356 4463 1431 4511 otta
1463 4481 1464 4516 l
