2942 4884
261 253 988 321 ASSERTIOARTURII.
1216 275 1258 340 59

105 389 129 421 “
143 383 227 488 quast
242 398 325 448 totus
339 383 473 447 mundus
489 379 588 468 postea
606 383 748 466 nequivit
761 381 900 458 resistere,
923 384 966 447 illi
979 384 1067 447 etiam
1084 360 1134 444 su·

7 465 8 500 l
106 479 127 507 ‘¹
142 476 203 551 pati
219 471 368 544 resistunt,
393 473 486 554 parati
502 487 629 534 mortem
644 491 698 552 pro
713 475 809 556 patria
826 474 857 533 ἃ
871 473 1007 535 libertate
1019 469 1128 536 subire·

105 567 127 595 ‘¹
140 563 219 623 Hinc
233 561 273 621 ad
288 560 409 622 laudem
420 577 524 622 eorum
538 557 618 622 canit
634 560 774 622 Lucanus
786 559 825 622 de
840 556 978 622 Caesare:

235 651 358 709 Territa
372 645 495 732 quaſsas
509 645 627 724 oslendit
641 657 730 731 terga
747 649 937 709 Britannis-'³
1143 673 1241 732 1:014
1212 691 1241 743 ³4
1260 683 1281 719 ι,

147 715 208 797 llic
223 733 245 797 fi
263 733 456 797 multitudine
479 732 712 797 testimoniorum
738 735 848 820 potius,
872 755 965 816 quam
985 732 1077 797 solida
1092 733 1134 797 rel

103 825 230 885 veritate
248 824 367 897 niterer,
391 823 502 904 possem
524 823 553 882 a
569 824 691 900 Joannis
713 823 907 884 Annaevillani
922 823 993 886 vers
996 823 1081 884 culos
1095 843 1135 887 ex

7 909 8 980 ᾖ
103 910 305 986 Architreuio,
328 909 432 972 libello
450 925 555 994 argute
580 929 699 985 canoro,
724 911 762 971 de
776 909 955 971 fortitudine
974 911 1134 972 Britanno·

7 983 8 1024 t
106 1019 173 1060 rum
190 996 354 1061 desumere.
401 999 449 1060 Sic
471 998 549 1059 enirn
565 998 735 1079 importune
755 998 786 1060 iu
810 1000 1019 1060 Britannorum
1039 997 1132 1100 jullas

104 1085 206 1148 laudes
217 1085 451 1168 obstrepentium
465 1105 498 1146 os
514 1083 688 1168 prestructo
699 1085 885 1161 occluderem
899 1085 988 1148 vallo
1020 1084 1115 1147 Sed'
1090 1105 1132 1146 vt·

7 1211 8 1220 ι
106 1175 177 1236 deor
193 1173 269 1235 mihi
291 1174 395 1256 plutis,
418 1193 510 1258 quam
535 1174 686 1246 convenit,
717 1153 907 1235 oblocutores
932 1171 1003 1235 illos
1024 1168 1132 1237 facere.

105 1257 290 1345 Dispereant,
308 1262 461 1324 &invidia
476 1276 655 1342 rumpantur
668 1259 728 1334 sua,
742 1259 863 1342 quaudo
874 1261 1060 1323 Britannicus
1076 1261 1130 1321 lto·

7 1363 8 1374 ¹
106 1370 161 1412 not
177 1371 231 1433 pet
254 1347 306 1429 huj
310 1344 426 1412 usmodi
445 1349 629 1411 tenebriones
652 1369 706 1410 nec
725 1345 791 1422 stat,
815 1369 869 1410 nec
890 1349 980 1410 cadit.
1027 1347 1093 1409 Αι
1086 1367 1131 1409 tn·

7 1435 8 1444 ’
106 1439 204 1514 terim,
229 1457 267 1498 ne
283 1457 342 1498 non
357 1434 425 1500 satis
441 1435 569 1518 promissi
584 1457 699 1498 memor
713 1436 823 1510 videar
846 1433 945 1498 rursus
960 1450 1064 1520 repeto
1079 1435 1132 1497 ha··

107 1545 220 1599 renam,
246 1525 310 1586 vim
323 1537 570 1628 argumentorum
586 1525 624 1586 ab
647 1522 818 1587 adversariis
833 1539 1034 1607 comparatam
1048 1522 1133 1585 infir

7 1631 8 1692 ι
106 1630 254 1677 maturus.
292 1615 315 1648 ‘⁸
333 1615 528 1695 Scriptores,
549 1611 701 1696 inquiunt,
732 1619 754 1648 “
769 1613 899 1674 Romam
922 1633 981 1674 nou
996 1611 1134 1674 fecerunt

109 1709 132 1736 ‘⁸
149 1704 329 1762 mentionem
351 1703 478 1770 Arturii,
503 1719 596 1783 quate
612 1699 765 1762 versimile
780 1698 821 1762 est
843 1719 915 1764 eum
938 1720 998 1762 non
1015 1698 1109 1762 fuisse.
1114 1703 1134 1735 ’⁹

109 1791 138 1850 Si
155 1789 230 1850 nihil
246 1787 282 1850 stt
299 1808 414 1861 vetum,
438 1787 490 1855 nist
505 1787 590 1870 quod
605 1808 643 1853 ex
664 1791 802 1850 Romana
815 1787 928 1849 constet
943 1786 1133 1862 auctoritate,

7 1911 9 1946 ι
106 1875 181 1938 male
199 1873 374 1939 consultum
388 1875 456 1937 esset
474 1873 602 1938 historiae
617 1873 743 1937 universi
755 1875 845 1938 orbis.
893 1875 1055 1938 Infinita
1028 1896 1071 1938 vas
1087 1895 1133 1936 re·

109 1985 176 2026 rum
203 1964 442 2026 memorabilium
468 1964 497 2024 &
523 1963 686 2026 nobilitatis
713 1962 822 2046 pendet
843 1961 944 2046 potius
973 1964 1011 2024 ab
1030 1963 1134 2024 incolis
1235 2000 1237 2005 ,

106 2051 230 2115 oculatis
243 2049 326 2114 domi
337 2049 470 2124 testibus,
493 2071 585 2132 quam
606 2071 645 2113 ex
660 2053 772 2112 incerta
794 2066 967 2113 exterorum
981 2051 1133 2113 relatione.

109 2141 237 2203 Romani
253 2155 357 2202 autem
378 2135 548 2201 universum
571 2157 647 2220 pene
670 2138 773 2200 orbem
798 2134 916 2200 servum
930 2137 1134 2215 reddiderunt,

7 2289 8 2296 ,
109 2225 308 2308 &scriptores
323 2227 403 2310 apud
417 2247 467 2288 eos
485 2228 543 2287 nati
566 2227 597 2288 δι
617 2226 735 2288 educati
761 2221 811 2288 sua
835 2224 912 2286 faeta
937 2224 983 2287 vel
1008 2225 1135 2286 admira·

7 2309 8 2320 ¹
108 2315 178 2379 bilia
181 2315 370 2419 'eloquentiae
384 2315 480 2378 innixi
493 2311 587 2376 studio
601 2313 746 2376 fecerunt.
782 2317 959 2375 Ceterorum
974 2332 1045 2374 vero
1056 2310 1136 2377 fatte

108 2405 188 2467 sel'
181 2419 222 2464 tta
246 2399 452 2476 obscurabant,
485 2401 711 2475 teleleuabant,
737 2402 877 2463 utnulla
902 2421 975 2481 pene
992 2401 1135 2466 facerent.

108 2491 265 2576 Agebatur
279 2492 359 2552 enim
372 2505 406 2551 ut
426 2489 634 2593 elegantissime
656 2509 714 2551 non
730 2504 830 2551 autem
851 2487 993 2551 verillime
1006 2488 1136 2553 caussam

7 2631 8 2646 ι
109 2579 255 2642 dicerent.
294 2578 605 2659 Taliapingebantin
624 2577 744 2649 chartis,
764 2571 1137 2678 qualiasperarepotiusa

110 2667 343 2749 prudentiffimis
356 2665 504 2738 Ducibus,
527 2683 619 2748 quam
645 2663 722 2726 fasta
739 2667 840 2727 videre
860 2664 956 2727 liceat.
1001 2668 1065 2727 Nec
1078 2663 1135 2725 ml·

7 2813 8 2824 ,
109 2775 179 2817 rum
197 2756 283 2836 plane
299 2752 350 2827 est,
374 2753 459 2836 quod
479 2754 516 2814 de
537 2755 662 2814 Artorio
685 2753 758 2813 nibil
776 2755 925 2814 memoriae
940 2751 1136 2834 prodiderint,

110 2844 217 2904 Gotthi
232 2863 269 2903 eo
294 2856 430 2922 tempore
444 2843 567 2902 Italiam
577 2835 757 2912 invaserant„
771 2843 801 2901 ac
824 2839 973 2902 barbaries
999 2859 1055 2924 pto
1073 2839 1135 2902 elo·

111 2931 233 3012 quentia
248 2929 375 3002 intesta,
400 2927 493 3012 usque
516 2927 600 3003 adeo,
624 2943 658 2990 ut
674 2927 764 2988 literis
785 2928 883 2989 bonor
897 2948 990 3003 rarus,
1014 2925 1134 3010 praemia

110 3019 253 3086 rarissima
269 3018 507 3080 decernerentur.
552 3019 593 3076 Et
608 3037 654 3078 res
677 3035 736 3076 non
754 3036 805 3118 per
826 3013 992 3096 scriptores,
1016 3014 1065 3077 sed
1081 3033 1134 3096 per

110 3107 270 3169 bellatores
286 3105 439 3188 agebatur.
496 3124 563 3165 nare
579 3101 685 3186 siquid
702 3105 774 3165 certi
789 3103 826 3164 de
841 3106 975 3178 Αιιιιιίο,
991 3103 1068 3166 illud
1081 3123 1132 3185 po·
1146 3125 1201 3180 ιιι
1215 3143 1254 3188 34·
1266 3127 1292 3180 ι,

109 3199 199 3257 trusa
214 3193 391 3262 Britannicis
406 3166 596 3276 scriptoribus
608 3188 875 3280 qualibuscunque,
888 3211 981 3272 quam
992 3193 1031 3254 ab
1040 3191 1135 3253 lusan

110 3285 152 3345 tia
167 3283 378 3364 &ignorantia
398 3281 613 3353 Romanorum,
645 3300 681 3340 eo
700 3293 832 3360 tempore
852 3299 912 3340 non
928 3279 1020 3343 modo
1037 3274 1135 3344 ascri·

109 3371 204 3434 bendi
229 3367 384 3430 fitnslione
399 3368 621 3440 declinantium,
646 3368 854 3428 verumetiam
881 3367 918 3427 de
942 3363 1003 3441 sua,
1027 3364 1136 3428 relislis

109 3459 174 3520 aliis
187 3457 278 3519 rebus
293 3456 441 3558 omuibus,
464 3455 639 3528 calamitate,
663 3455 765 3516 multis
780 3439 917 3557 quotldie
936 3455 1066 3516 modis
1060 3472 1136 3513 irru-

109 3563 187 3622 ente,
212 3543 423 3626 cogitantium.
468 3541 621 3604 Subinfert
642 3542 746 3615 alius,
753 3542 871 3602 vastiora
891 3541 978 3602 elle
969 3561 998 3604 nt
1018 3539 1138 3602 historia

7 3665 9 3706 ι
110 3635 237 3704 Αιιιιιῐι,
265 3625 874 3714 quamutamatur0&sapientesacile·
861 3611 1068 3690 admittantur.
1105 3629 1138 3690 Sl

111 3723 151 3784 de
165 3721 214 3783 illa
230 3716 326 3794 sentit
350 3715 553 3800 quaeavulgo
567 3717 677 3790 italice,
700 3712 868 3798 Hispaniae,
885 3716 1008 3790 Gallice,
1032 3717 1136 3780 &Att-
1216 3788 1218 3791 ¹

110 3808 323 3894 glicelegitur,
349 3803 761 3869 nonadmodumeontendo
799 3806 1143 3887 Quanquammemine·

110 3899 150 3960 rit
166 3916 274 3978 aequus
284 3893 387 3967 leslor,
409 3893 488 3953 idem
504 3890 670 3952 saslitatum
685 3891 734 3952 a
729 3913 757 3952 ιιι
774 3890 892 3956 ltillorla
907 3890 1141 3961 circumforanea

112 3984 225 4056 Caroli,
252 3981 389 4053 Rolandi,
414 3977 613 4053 Gottltosridi,
630 3977 788 4052 Guidonls,
804 3977 994 4052 &Bellona
1019 3996 1053 4040 ut
1068 3980 1141 4040 alios

112 4071 255 4134 omittam
271 4068 388 4131 multos.
422 4071 486 4130 Nec
509 4067 578 4128 inde
594 4081 689 4126 tamen
713 4087 818 4128 eorum
840 4067 967 4140 nomina,
991 4081 1042 4126 aut
1065 4085 1143 4128 vetae

109 4160 186 4222 fides
202 4155 340 4229 historiae,
365 4153 488 4218 sublata.
504 4159 574 4216 Non
588 4151 628 4214 est
642 4173 757 4214 novum
769 4151 902 4214 sabulosa
916 4156 991 4216 vetis
1006 4151 1138 4231 miscere.
1215 4212 1218 4217 .

112 4245 215 4309 studio
230 4259 311 4308 certe
327 4243 384 4306 hoc
396 4241 531 4325 quodam
544 4239 565 4302 ι
561 4241 672 4314 telum,
697 4257 731 4301 ut
754 4239 909 4322 scriptores
924 4242 1041 4324 plebem
1072 4241 1141 4314 Arn-

111 4335 222 4452 plicam
238 4331 437 4398 admiratione
459 4327 589 4418 quadam
612 4331 790 4407 detinerent,
813 4328 1040 4395 auertentem
1055 4331 1141 4389 mira·

559 4419 589 4489 tt
612 4434 629 4488 2
1056 4413 1145 4489 tulin.
