2942 4884
182 181 188 189 “
247 225 309 293 150
468 199 497 288 J,
535 199 1180 300 n*ansnutnurro.„nna1t
1234 248 1238 256 «

401 345 530 426 Cogor.
552 340 708 424 facigitnr
724 355 777 418 tuo
793 338 879 404 su'e'to

403 431 465 495 Pro
477 429 614 503 candore
637 450 741 492 meum
756 429 858 525 decus,
881 444 1112 518 patronumque,

404 521 449 580 Ut
464 532 581 579 tantum
594 517 700 593 faveat,
724 537 821 602 roges,
845 515 942 580 labori

402 609 548 688 incepto:
573 621 702 689 pretium
716 601 857 687 sequetur
871 606 1016 688 amplum
1463 619 1464 658 l

406 693 454 755 Sic
469 712 576 755 nomen
591 691 647 755 tibi
662 693 768 755 litterae
781 692 929 777 elegantes
1463 727 1464 776 l

405 778 499 843 Reste
513 794 695 862 perpetuum
708 778 835 856 dabunt,
858 777 985 866 suosque
1463 799 1464 804 ’

404 869 520 930 Partim
530 867 576 930 vel
592 866 695 930 titulos
709 866 765 931 tibi
780 885 914 952 receptos

406 954 560 1018 Concedet
575 957 699 1017 memori
710 956 870 1018 Britannus
884 967 947 1020 ore.
1463 969 1464 1006 l

407 1043 457 1105 Sic
472 1057 501 1105 te
519 1039 672 1124 posteritas
686 1043 799 1108 amabit
812 1045 923 1119 omnis,
1463 1043 1464 1110 l

407 1133 448 1192 Et
462 1128 542 1194 sama
553 1127 641 1214 super
652 1129 760 1194 aethera
774 1128 944 1196 innotesces.

418 1251 470 1316 Ad
480 1237 639 1316 Henricum
652 1241 825 1327 Housmam,
848 1245 984 1339 illustriff:
1000 1243 1164 1342 Regnorum
1178 1251 1332 1327 Comitem.
1354 1245 1362 1260 ⁸

476 1360 578 1422 UOT
599 1356 667 1421 sunt
681 1358 774 1421 sidera
788 1358 960 1423 candicante
973 1363 1061 1440 coelo,

503 1449 545 1508 Et
558 1461 635 1528 quot
648 1445 770 1509 saltibus
785 1447 925 1510 arbores
917 1469 946 1522 m
960 1449 1040 1531 ipsis,

405 1535 493 1616 Qot
507 1530 620 1596 sunt
592 1533 740 1618 ptnnigerr
728 1530 834 1597 freto
848 1533 993 1600 Britanno

405 1617 512 1696 Pisces,
535 1621 566 1682 a
580 1620 701 1703 Lybicis
715 1621 808 1704 lapilli
820 1623 937 1686 arenis:

397 1710 503 1799 Qot
507 1705 575 1770 sunt
587 1708 717 1788 collibus
731 1709 813 1772 Italis
828 1713 946 1790 racemi,

397 1781 448 1856 Et
461 1810 539 1878 quot
552 1795 673 1858 Niliacis
686 1797 764 1880 agris
779 1795 893 1859 arillae:

407 1884 469 1945 Tot
484 1881 634 1946 Lelandns
647 1884 717 1988 agit
722 1883 777 1947 tibi
792 1863 935 1970 benigna,

409 1975 495 2034 Toto
509 1970 629 2055 pestere
641 1973 751 2054 gratias
766 1973 861 2036 amico

407 2061 585 2142 Regnorum
599 2059 722 2136 Comici,
747 2059 801 2123 tibi
815 2081 938 2124 coronas

406 2147 526 2209 Texens
538 2145 709 2231 laurigeras
731 2169 857 2231 perenne
871 2169 991 2222 munus,
1092 2159 1095 2165 '

407 2238 486 2321 Qae
439 2232 607 2298 nsestum
621 2249 713 2318 capnt
725 2236 880 2320 implicent
896 2229 1066 2319 triumphis

687 2357 781 2447 Custos
796 2356 846 2443 effe
859 2357 938 2421 decet
950 2363 1063 2440 poi'tas

308 2505 313 2513 ·
362 2474 365 2479 ’
406 2467 580 2594 LEsbia
562 2465 668 2532 lascivo
681 2467 792 2550 placuit
806 2467 923 2532 formos
918 2491 935 2530 a
949 2469 1079 2548 Catullo,

492 2554 600 2619 Lesbia
611 2554 760 2640 fulgentes
774 2545 929 2620 candida
913 2579 989 2640 pexa
1002 2573 1112 2623 comas.

336 2713 341 2718 ,
407 2642 588 2707 Collaudant
600 2555 679 2708 aliilg
666 2658 783 2707 teneros
794 2647 934 2709 Varronis
948 2667 1076 2722 amores,

450 2729 621 2796 Formosam
635 2731 665 2794 8c
679 2748 752 2795 noto
766 2733 885 2796 nomine
900 2733 1095 2797 Leucadiam.

329 2858 331 2861 -
406 2818 472 2905 Qi
485 2821 591 2883 cecinit
605 2821 709 2882 molles
722 2821 823 2903 elegos
838 2820 989 2884 resonante
1003 2825 1158 2903 Camoena,

296 2978 298 2981 ¹
452 2906 537 2970 Calvi
546 2908 728 2992 Qintiliam
743 2907 822 2970 tollit
837 2909 875 2972 ad
889 2907 965 2971 aslra
979 2906 1033 2974 sui.
1056 2975 1060 2981 ,

221 3010 224 3023 ¹
409 2993 529 3059 Deliciae
542 2994 622 3056 Galli
634 2994 717 3056 dosii
726 2995 858 3078 clarique
872 2997 980 3079 po'e'tae,

453 3083 606 3159 Eximium
621 3101 729 3146 nomen
745 3083 869 3166 pulchra
884 3085 1007 3166 Lycoris
1020 3083 1120 3150 habet.

408 3167 520 3232 Lastea
534 3170 647 3254 Peligni
661 3167 747 3233 floret
762 3167 884 3234 Nasonis
898 3174 1002 3248 amica,

454 3259 613 3322 Materiam
625 3260 759 3321 numeris
775 3255 855 3321 sueta
870 3263 1010 3340 Corynna
1024 3261 1113 3325 dare:

410 3346 541 3426 Cynthia
554 3345 693 3408 laudatur
706 3346 810 3409 detersi
825 3349 968 3430 Nympha
982 3345 1128 3430 Properti,

455 3435 496 3494 Et
510 3435 626 3514 Cynara
639 3431 681 3496 eil
696 3434 801 3496 Flacco
814 3448 884 3497 nota
902 3433 1000 3517 puella
1014 3434 1077 3499 suo.

412 3519 501 3584 Talia
511 3520 656 3583 molliculi
669 3521 827 3584 cantabant
837 3523 966 3586 carmina
978 3537 1068 3599 vates,

455 3610 553 3690 Ignari
567 3608 637 3670 vitae
653 3611 706 3690 qui
722 3609 849 3672 melioris
864 3626 960 3677 erant.

411 3694 586 3760 Christicola
598 3709 630 3758 at
643 3698 735 3758 callos
747 3696 841 3760 castus
857 3697 995 3760 decantet
1005 3717 1130 3776 amores,

455 3784 495 3846 Et
509 3780 602 3847 sacros
614 3779 731 3846 resonet
746 3782 832 3846 Musa
847 3787 955 3868 pudica
970 3787 1083 3850 thoros.

356 3862 361 3872 ⁸
409 3872 458 3934 Sic
473 3873 504 3934 in
518 3870 629 3935 siderea
639 3873 705 3934 coeli
718 3869 894 3954 spatiabitur
911 3873 989 3947 auln,

452 3960 641 4046 Laetitiaeqne
651 3969 744 4021 noros
755 3961 891 4023 concinet
902 3960 951 4022 ille
965 3960 1082 4026 modos.

602 4086 652 4149 Ad
662 4085 738 4149 libel!
735 4109 793 4163 atat,
816 4085 851 4149 de
868 4088 919 4168 Jo:
936 4087 1121 4169 Bechenstmo.

409 4200 507 4382 TU
527 4225 622 4289 quum
637 4206 782 4289 prodieris
797 4208 892 4292 pistus
908 4205 1033 4291 fuligine
1052 4208 1124 4292 preli

496 4297 539 4358 In
551 4290 658 4372 lucem,
681 4294 785 4364 doctos
799 4293 944 4362 extuleris
939 4317 997 4382 que
1011 4299 1108 4360 vitzos
1109 4391 1111 4396 Ι
1210 4377 1360 4448 &chent
