2942 4884
218 199 280 252 na
464 185 503 286 J„
542 155 790 248 nunaunr
835 179 1178 265 nurrounnrt

372 301 489 396 Diligat
503 311 552 374 illa
567 307 655 374 suum
670 307 826 392 pastorem,
851 308 989 393 pallor&
1004 313 1116 392 urbem,

414 401 531 484 Ingenii
545 398 629 462 dotes
644 413 680 461 ut
693 417 759 460 mea
773 393 857 459 Musa
875 401 926 463 rai.

685 502 737 565 Ad
748 505 786 564 R.
801 504 1011 584 crapardnm

372 614 548 762 DUch
536 632 585 673 me
601 608 786 692 Sequanicae
798 609 907 672 chorus
924 614 1012 696 benig
1015 633 1061 688 ne,

336 697 626 772 ‘Cra1f‚orde
649 698 794 760 illecebris
811 713 889 760 tenet
904 634 1086 782 quibugldam

373 786 571 870 linguarum,
595 782 738 847 &solidae
751 784 933 862 eruditionis,

371 876 422 937 Tu
437 875 485 937 vel
500 889 582 935 totus
598 872 775 936 obambulat
790 873 894 935 beatus

371 961 484 1023 Aulae
476 978 553 1025 mter
568 960 735 1023 celebres
708 980 787 1026 viros
803 960 962 1040 Britanuae',

375 1049 415 1109 Et
430 1049 515 1112 vultu
531 1046 637 1112 frueris
651 1044 787 1110 sereniori

373 1137 440 1199 Ter
454 1135 527 1200 felix
539 1134 665 1200 Domini
681 1137 724 1197 tui
740 1136 868 1218 meique.

373 1227 474 1307 Qam
489 1243 549 1286 non
564 1220 625 1306 ipse
633 1237 732 1284 tamen
749 1223 801 1286 tibi
816 1221 974 1288 secundam

372 1313 542 1374 Fortunam
553 1309 687 1373 invideo:
710 1303 784 1372 milti
799 1309 920 1373 viciffim

371 1398 484 1462 Nunc
476 1419 550 1461 rnre
563 1399 644 1460 tenui
658 1399 767 1459 artium
783 1397 931 1460 bonarum

371 1489 443 1548 Non
456 1485 543 1568 plane
558 1499 660 1546 tenues
670 1482 821 1547 macrolve
835 1483 953 1566 fructus
1005 1547 1009 1556 ,

372 1575 536 1656 Contingat
550 1572 641 1634 modo
654 1571 770 1636 strenue
785 1594 897 1655 parare,

374 1661 542 1743 Antiquam
556 1679 589 1720 ac
604 1659 730 1722 nitidam
746 1659 1008 1744 eloquentiamque

374 1745 552 1824 instaurare,
574 1767 643 1811 runo
656 1742 776 1810 favente
796 1747 925 1814 Phoebo.

580 1870 631 1936 Aa
642 1873 773 1956 Cygnum
786 1871 821 1934 de
835 1872 940 1936 Thomu
955 1873 1089 1938 Liuacro.

374 1987 469 2114 TE
493 1980 570 2066 iaepe
584 1980 684 2044 audiri
699 1997 885 2064 quaerentem
901 1986 1004 2044 Graeca
1016 1986 1123 2048 Latine

458 2073 553 2150 Cujus
568 2070 724 2152 adoptaret
736 2071 828 2133 Pieris
842 2089 893 2132 ore
908 2070 1003 2153 loqui

372 2151 491 2222 Certior
505 2171 540 2220 ut
553 2157 638 2221 lieres
652 2154 742 2239 super·
755 2157 811 2220 hac
824 2178 865 2230 re,
882 2177 975 2239 nuper
990 2157 1107 2222 adibam

415 2245 630 2327 Plectrigerum
644 2245 804 2320 Phoebum,
829 2241 1070 2329 Thespiadasque
1087 2250 1175 2311 Deae.

359 2330 436 2418 ‘lpse
451 2333 525 2394 mihi
541 2331 676 2394 Phoebus
692 2332 865 2406 Liuacrum,
889 2335 1113 2421 Linacrumque
1126 2334 1259 2425 sorores„

416 2425 560 2501 Totaque
574 2417 694 2482 Castalii
710 2421 799 2484 turba
813 2416 923 2482 diserta
932 2421 1020 2484 chori

371 2507 521 2572 Dixerunt
536 2527 599 2570 uno
614 2502 768 2582 consensu,
791 2508 883 2572 rerba
896 2509 1006 2574 Latina

413 2594 479 2658 Elle
493 2594 580 2657 illurn
596 2592 707 2656 vellent
719 2594 807 2680 cujus
822 2596 854 2660 in
869 2616 921 2661 ote
933 2594 1029 2680 loqui.

608 2726 688 2791 tans
703 2726 838 2794 Borbonii
852 2723 1064 2810 Vandoperant.

246 2828 255 2841 ⁰
316 2849 319 2853 ’
371 2837 522 2963 GAllia
531 2837 717 2903 Borbonium
731 2837 860 2908 celebrat
873 2835 1001 2904 facunda
1015 2845 1144 2924 politam,

466 2927 563 3007 Cujus
574 2924 745 2988 nectareum
760 2923 848 3008 spirat
862 2926 899 2990 ab
914 2947 963 2992 ore
978 2927 1081 2993 melos.

368 3015 440 3078 Non
454 3009 519 3075 sum
530 3012 683 3076 Borbonio
694 3033 748 3096 par
761 3012 903 3095 versabuS‚
927 3029 1056 3080 attamen
1067 3017 1139 3083 olim

412 3101 554 3165 cantabit
567 3095 669 3164 Musas
685 3115 762 3162 terra
777 3101 917 3165 Britanna
932 3123 1023 3170 meas.

629 3207 652 3237 '¹
730 3208 931 3296 Solsrquium

368 3318 564 3436 SUrgeret
559 3310 627 3378 Ebo
640 3311 754 3376 nitidus
765 3334 860 3396 quum
875 3314 1010 3378 Phoebus
1025 3315 1063 3380 ab
1078 3315 1162 3393 orbe,

448 3401 578 3476 Surrexi,
601 3397 702 3462 vultus'
714 3398 889 3500 exseruique
909 3421 1000 3466 meos.

367 3488 516 3554 Occidnas
530 3448 581 3550 sed
596 3507 694 3570 qaum
706 3485 794 3550 fellus
809 3487 991 3574 pertingeret
1005 3489 1110 3565 undat,
1204 3513 1208 3521 ¹

412 3575 515 3637 Velavi
526 3573 625 3637 rutilis
639 3593 692 3636 ora
704 3573 827 3638 venusta
841 3577 943 3642 comis.
1009 3591 1011 3594 ·

368 3663 456 3724 Solus
470 3676 613 3725 amatores
624 3663 702 3724 inter
714 3661 791 3726 mihi
807 3663 957 3745 perplacet
972 3683 1074 3730 omnes

411 3749 557 3824 Phoebus,
580 3749 615 3811 Ιό
627 3749 696 3812 coeli
709 3751 911 3834 deliciumque
926 3747 989 3815 soli.

367 3837 448 3900 Hinc
461 3858 520 3920 ego
533 3796 719 3899 demonstror
732 3837 830 3922 digito
844 3835 973 3901 formosa
988 3857 1042 3920 per
1056 3833 1170 3917 hortor,
1257 3847 1262 3854 '

409 3927 539 3989 Nomine
552 3923 679 4007 vulgari
684 3922 933 4010 Solsequiumque
948 3945 1049 3988 vocor.

446 4031 497 4095 Aa
508 4035 621 4115 Musas,
643 4046 679 4097 ut
693 4037 853 4100 Hemicum
866 4043 1000 4100 octavum
1014 4037 1223 4132 concelebrent.-

286 4103 292 4116 .
366 4133 511 4263 MUsae
522 4136 612 4200 dicite
625 4137 660 4200 Ιό
673 4138 753 4202 &16
767 4160 848 4204 nunc
863 4142 953 4205 dicite
966 4137 1073 4217 Musae,
1138 4175 1142 4180 -

466 4228 623 4312 Tempora
640 4223 771 4309 Pellanis
785 4230 895 4314 cingite
909 4226 980 4294 felia
994 4227 1078 4298 rosis
1222 4313 1355 4388 'Toum
