2942 4884
220 259 287 341 nt
487 260 517 344 J.
553 245 800 326 nsnrnnr
835 237 1201 368 aurrouarri..

373 404 491 468 Interea
506 409 625 460 tantum
638 393 723 480 quod
739 391 837 480 posco,
862 395 991 488 candide
1005 398 1119 484 praesla,

412 483 509 556 Musa
522 487 554 549 8e
568 486 701 550 cantanti
714 502 806 570 perge
817 483 915 548 favere
933 505 1017 553 meu.

648 593 701 659 Ad
710 598 761 678 Jo.
778 599 938 673 Brennum,
962 599 1036 681 Bqu.

327 693 334 708 '
371 693 563 832 SPlendida
574 692 711 778 belligeri
722 693 863 778 proluxit
873 693 971 780 gloria
981 697 1104 778 Brenni,

449 783 584 848 innotuit
603 785 689 864 cujus
699 803 810 846 nomeu
824 783 945 868 utrique
957 781 1038 866 polo.

372 871 495 938 Militiae
511 872 603 935 decus
617 869 744 947 illefuit,
766 870 923 954 vislorque
937 869 1128 957 triumphans

415 959 615 1023 Romuliddm
629 957 729 1041 preffit
743 959 819 1022 colla
836 957 964 1044 superba
980 961 1069 1045 jugo.

369 1044 455 1112 Illius
468 1048 541 1112 binc
555 1047 658 1110 laudes
672 1048 772 1112 Graeci
786 1047 816 1110 8r
830 1043 965 1132 scripsere
980 1049 1096 1129 Latini,

414 1139 569 1200 Certames
584 1133 670 1198 talem
684 1135 891 1200 concelebrare
905 1133 1025 1200 ducem.

371 1223 568 1300 (inluserat,
590 1221 614 1286 si
628 1224 726 1286 Roma
740 1219 830 1287 refert
844 1244 913 1288 vera
923 1225 1025 1288 omnia
1035 1245 1115 1306 vere,
1199 1254 1204 1266 ·

415 1313 456 1374 Bt
471 1314 623 1376 Senonum
635 1309 745 1376 duitor
759 1310 917 1376 strenuusi
940 1307 967 1375 se
982 1309 1052 1379 fult.
1116 1373 1124 1392 ,

373 1399 465 1463 Illum
481 1397 635 1462 duilorem
648 1401 800 1463 Senonum
815 1331 964 1484 cognosco
976 1397 1073 1480 inille,

416 1487 562 1572 Pernegat
574 1500 605 1548 at
618 1487 742 1552 Gallum
757 1483 843 1551 Mula
856 1485 939 1550 fuisse
952 1507 1027 1553 meu.

371 1575 474 1640 Notus
488 1589 550 1638 erat
564 1573 659 1637 Gallis
673 1596 726 1660 per
742 1577 851 1639 Martia
864 1571 954 1654 frua,
977 1573 1026 1640 sed
1041 1573 1127 1642 illum

417 1660 547 1726 Protulit
559 1661 591 1725 in
603 1661 701 1726 lucem
714 1676 793 1726 terra
807 1664 948 1727 Britanna
963 1683 1081 1748 parens.

370 1750 474 1814 Frater
487 1749 617 1830 &hujus
631 1766 696 1814 erat
709 1747 843 1814 Bellinus
857 1765 946 1815 natus
959 1752 998 1814 ad
1012 1771 1105 1830 arma,

284 1893 287 1898 .
415 1837 515 1901 Dulce
528 1834 744 1902 Britannorum
761 1840 814 1922 qui
835 1837 926 1902 decus
943 1859 1033 1903 omne
1049 1835 1121 1905 luit.

373 1923 505 1990 Talibus
519 1918 668 1989 intentrlnr
683 1924 724 1989 src
735 1947 786 1990 me
801 1925 929 1992 docuere
944 1925 1070 2010 priores,

414 2015 612 2096 Contemptor
624 2014 727 2097 patriae
741 2033 802 2078 non
817 2035 874 2100 ego
888 2014 984 2078 laudis
999 2035 1062 2081 ero.

368 2101 484 2166 Interea
499 2119 602 2184 pergas
615 2100 754 2184 exemplo
769 2101 916 2188 assurgere
930 2101 1023 2179 claro,

412 2189 517 2271 Atque
532 2190 576 2250 tui
587 2186 663 2253 felix
672 2187 801 2252 aemulus
816 2189 871 2254 else
885 2189 992 2254 Ducis.

369 2276 419 2342 stc
431 2276 516 2340 decet
530 2292 566 2340 ut
579 2279 700 2340 Brenno
713 2279 850 2368 Brennus
863 2272 1025 2344 subserviat
1039 2273 1125 2355 alter,
1242 2300 1247 2306 ·

414 2362 543 2427 Virtutis
557 2361 660 2427 solidae
674 2363 772 2448 gloria
787 2363 883 2429 calcar
898 2366 998 2444 habet,

368 2451 453 2536 Ergo
465 2451 516 2516 bic
530 2470 630 2536 quum
645 2449 767 2515 refertas
782 2473 889 2518 nomen
900 2453 938 2518 de
952 2449 1071 2518 nomine
1085 2449 1205 2536 Brenni,

411 2538 563 2622 Exhibeas
576 2535 648 2602 forti
661 2539 806 2603 Brennica
816 2537 1008 2606 fattamanu.

367 2627 455 2694 Italia
468 2627 591 2691 edocuit
605 2640 634 2691 te
647 2627 742 2690 multa
755 2625 882 2692 illustria
895 2626 980 2707 felix,

410 2716 545 2780 Maxima
558 2735 627 2799 pars
642 2712 732 2778 famae
746 2718 838 2780 crevit
853 2717 883 2780 &
897 2717 969 2781 inde
983 2731 1057 2782 tuae.

365 2804 465 2867 Marte
477 2801 656 2868 Caledonios
671 2805 791 2867 Scottos
804 2801 943 2889 fusosque
955 2800 1134 2890 fugatosque

411 2886 558 2975 Aspexisti
573 2890 681 2966 audax,
706 2908 740 2954 tu
755 2902 877 2975 quoque
891 2893 986 2957 vislor
999 2913 1072 2958 eras.

367 2981 475 3065 Qum
487 2978 607 3042 caderet
617 2977 713 3040 multa
727 2981 756 3043 vi
770 2979 863 3042 fratia
876 2982 1024 3068 Bononia,
1046 2979 1133 3044 miles

414 3069 508 3129 Tunc
522 3082 609 3130 atrox
622 3066 734 3142 aderas,
758 3065 815 3131 tela
828 3083 950 3132 cruenta
964 3089 1081 3154 gerens.

251 3191 254 3201 ,
369 3148 431 3218 Sed
445 3153 520 3237 qnid
534 3173 593 3239 ego
607 3155 640 3216 in
654 3152 737 3217 bellis
753 3170 868 3220 tanturn
881 3177 961 3220 nunc
975 3160 1121 3220 immoror
1134 3150 1218 3220 istis?

414 3243 488 3327 Spes
503 3261 569 3306 mea
582 3240 651 3305 sunt
664 3240 771 3318 Musae,
794 3243 967 3328 deliciaeque
979 3265 1064 3308 meae.

371 3329 509 3393 Candida
520 3349 579 3414 pax
592 3346 697 3415 regnat
711 3356 719 3392 ε
743 3333 884 3414 Deponas
896 3335 953 3395 tela
962 3331 1096 3409 molesta,

414 3418 472 3480 Fac
486 3415 587 3481 Musas
600 3434 714 3502 repetas
728 3419 857 3504 impiger
870 3434 961 3504 atque
971 3435 1056 3483 tuas.

366 3501 432 3567 Ille
460 3519 489 3568 te
499 3503 630 3569 statuent
643 3503 759 3568 felicem
775 3510 805 3568 in
820 3509 927 3571 vertice
942 3505 1059 3572 summo

411 3592 559 3657 Parnassi:
582 3593 711 3677 pretium
727 3595 828 3658 nobile
842 3596 942 3658 laurus
957 3597 1023 3660 erit.

670 3707 718 3768 De
732 3709 854 3770 Heclore
865 3707 991 3772 Boethio.

434 3787 553 3855 Estoris
571 3789 699 3855 historici
712 3807 771 3870 aot,
795 3789 872 3878 quot
888 3795 1037 3859 mendacia
1052 3789 1175 3878 scripsit,

456 3881 488 3942 Si
501 3880 546 3941 vis
561 3892 596 3942 ut
610 3881 775 3957 nunierem,
798 3883 892 3946 ledlor
905 3883 1014 3960 amice*
1036 3884 1109 3946 tibi:

366 3966 420 4027 Me
428 3966 537 4046 jubeas
552 3968 642 4029 etiam
657 3967 768 4032 fluslus
783 3989 939 4034 numerare
953 3972 1095 4048 marinos,

409 4056 449 4116 Et
463 4054 573 4138 liquidi
587 4050 684 4117 stellas
699 4077 910 4121 connumerare
926 4058 998 4143 poli.

516 4160 564 4220 De
578 4157 649 4222 libro
663 4160 835 4243 Hieronymi
849 4159 925 4226 Vidae
939 4161 973 4223 de
983 4158 1129 4224 Scaccbr's.

359 4259 581 4386 Mffiooides
596 4263 703 4324 cecinit
717 4260 779 4365 fera
794 4264 910 4367 patalia,
933 4264 1015 4368 gessit
1030 4263 1166 4328 Aehirus

468 4351 547 4436 Qae
560 4369 631 4412 cum
646 4350 802 4416 Dardano
816 4352 910 4420 mrlrte
925 4354 1011 4418 miles
1029 4365 1126 4419 atrox.
1212 4435 1358 4506 Ludicm
