2942 4884
240 170 501 284 encoma
541 176 807 248 ILLUSTR.
846 181 1036 273 VIRORJ

412 373 417 381 ’
476 332 528 421 Aa
538 359 580 420 D.
597 359 771 446 Harlegam.
852 399 857 414 ι
894 407 899 413 -

224 486 336 549 mutes
351 483 445 548 animi
458 481 499 545 fic
514 497 544 546 te
558 483 694 547 redimire
707 486 862 566 videntur,
949 553 952 558 ,
1057 503 1064 515 ’

28 638 29 651 ἢ
270 577 315 636 Ut
322 571 450 636 redimit
465 568 576 635 festum
589 592 677 634 verna
690 594 799 638 corona
812 593 916 661 caput.

28 674 29 679 ’
144 659 551 746 Deposcuntigiturdignae
571 655 621 723 sua
644 662 766 742 praemia
780 665 892 748 laudes,

190 749 320 815 Praemia
333 750 365 810 in
379 749 495 810 aeternis
509 744 711 830 conspicienda
725 750 820 814 libria

29 836 34 933 ἐ
146 839 245 904 Ponte
260 837 409 900 caballino
423 835 445 899 si
460 838 582 919 quando
595 835 701 899 labella
716 839 862 921 rigarem,
902 878 905 884 ‚

188 927 327 990 Virtutes
336 925 439 988 alacer
460 924 594 987 tollerem
607 923 646 986 ad
662 923 738 989 astra
753 924 855 1004 sacras,

141 1017 189 1081 Et
209 1029 241 1078 te
254 1015 375 1076 virtutis
389 1012 548 1087 cultorem,
570 1012 710 1096 llallege,
732 1018 898 1096 probatum
944 1033 947 1040 ⁴

188 1100 345 1165 Laudaret
357 1097 469 1165 resonis
483 1101 548 1164 hac
560 1120 626 1164 mea
639 1099 726 1163 Musa
742 1107 850 1169 modis.

143 1191 238 1274 Repit
251 1190 340 1252 humi
356 1191 462 1264 tenuis,
481 1203 618 1251 metuens
632 1191 661 1250 a
675 1186 804 1254 subsrdet
817 1195 891 1270 imo,
920 1235 922 1242 ·

190 1275 315 1358 (Absint
329 1292 366 1340 ut
376 1278 468 1358 vires)
491 1275 619 1341 officiosa
635 1291 745 1364 tamen.

141 1365 277 1432 Nomine
290 1386 365 1448 quo,
387 1363 510 1428 strisiim
524 1364 624 1428 laudes
637 1367 763 1448 attinget
778 1365 871 1430 amica
990 1367 995 1378 '

138 1454 142 1460 ’
185 1450 413 1542 Qaliscunque
428 1469 503 1527 tuas,
527 1451 577 1515 fila
590 1473 696 1516 canora
712 1475 849 1519 movens.

140 1543 242 1607 Omne
256 1561 351 1624 genus
363 1537 478 1625 sophiae
490 1539 611 1624 gusti-sti
626 1541 761 1625 pervigil,
785 1559 878 1629 atque

187 1627 316 1693 Hausisti
330 1627 444 1711 eloquii
457 1631 526 1691 vina
540 1628 650 1704 fluenta
671 1628 728 1711 pii.⁴

29 1589 34 1653 l

29 1682 35 1833 ¹
142 1721 198 1784 Tu
212 1723 341 1803 quoque
351 1715 474 1779 facundi
488 1718 640 1780 Ciceronis
653 1727 779 1800 magnus
794 1733 933 1792 amatore

184 1807 227 1868 Et
241 1806 297 1869 tibi
312 1802 447 1885 majestas
461 1805 625 1888 Virgiliana
640 1804 746 1887 placet.

28 1863 35 2121 Ι
143 1893 390 1975 l'rolluviumque
401 1891 474 1956 colia
487 1889 619 1966 Nasonis,
642 1892 776 1958 versibus
790 1893 871 1957 unde

185 1981 270 2044 Illius
285 1980 408 2064 assurgis
421 1981 533 2064 gratior
549 1980 677 2043 exinriis.

141 2068 236 2132 Nulla
251 2070 411 2151 po'e'rarum
425 2084 560 2131 veterum
575 2083 768 2132 monumenta
781 2066 949 2154 supersunt,

184 2157 342 2242 Florigcro
355 2177 387 2219 es
403 2176 536 2239 quorum
551 2177 609 2218 non
622 2152 764 2237 spatiatus
779 2179 862 2240 agro.
996 2171 998 2188 ³

139 2244 222 2308 ilinc
236 2259 316 2308 vates
329 2244 454 2317 celeber,
477 2243 603 2327 lepidus,
627 2245 820 2327 multumque
835 2242 983 2325 venustus.

139 2345 142 2351 '
184 2333 326 2396 Concinis
339 2333 453 2416 argutis
467 2333 596 2394 carmina
610 2331 676 2393 lecta
691 2330 779 2396 sonis.

140 2418 308 2484 Posteritati
326 2439 396 2505 quae
412 2435 443 2482 te
456 2420 505 2482 vel
518 2418 643 2482 feliciter
658 2422 741 2482 omni
1129 2445 1189 2521 tu.
1201 2455 1257 2510 ω..

179 2509 415 2583 Commendent‚
439 2527 548 2571 nomen
562 2508 824 2591 percelebrentque
837 2524 939 2574 tuum.
1223 2507 1229 2516 “
1255 2508 1259 2516 “
1314 2533 1316 2536 ·

29 2626 33 2639 ·
137 2597 217 2661 Ecce
231 2592 320 2660 suum
333 2594 548 2660 officium'mea
563 2593 695 2677 praestitit
709 2617 797 2658 omne
812 2602 967 2676 Crmoena

179 2682 432 2771 Applansnmque
451 2700 541 2763 tuum
556 2684 691 2763 vendicat
704 2683 758 2746 illa
772 2683 838 2747 sibi.

388 2815 439 2882 Ad
449 2816 627 2884 Richardum
640 2815 828 2880 Godericium'.

238 2937 413 3023 Agnificum
427 2940 544 3012 retines,
567 2935 708 2999 Goderici
723 2933 858 3013 candide,
882 2957 1003 3017 nomen,

281 3028 377 3114 Qod
391 3025 438 3088 vel
453 3026 632 3088 Saxonicum
646 3024 726 3086 reete
741 3025 853 3088 idioma
866 3027 985 3110 probat.

138 3115 187 3180 Sic
202 3119 304 3178 Bonus
319 3136 354 3179 ac
368 3115 458 3178 Dives
472 3109 581 3176 dicdris
599 3114 669 3191 jure
681 3114 827 3174 Latione

178 3203 317 3267 Moribus
331 3202 389 3265 hoc
412 3221 522 3264 nomen
536 3202 675 3263 convenit
688 3220 780 3262 omne
795 3203 865 3265 tuis.

135 3291 273 3355 Nominis
287 3289 339 3358 illa
353 3290 398 3353 tui
414 3305 473 3352 tam
487 3289 568 3352 bella
584 3291 698 3350 notatio
712 3307 772 3349 non
788 3304 816 3352 te

180 3375 344 3442 Constituit
357 3378 460 3452 duem,
484 3375 672 3440 constituitve
691 3377 816 3439 bonum.

137 3465 303 3550 Splendida
315 3461 432 3530 felicem
448 3480 478 3529 tc
492 3466 587 3527 virtus
602 3463 731 3526 reddidit
745 3481 822 3526 una:

176 3552 281 3617 Music
294 3552 352 3616 hac
365 3555 486 3627 virture,
509 3555 538 3614 81
553 3553 633 3614 donn
647 3553 733 3614 beata
747 3549 846 3614 feres:

136 3639 294 3706 Caulidioo
306 3640 347 3706 sic
359 3637 439 3704 sama
452 3638 520 3703 soro
535 3657 595 3715 tua,
619 3636 742 3722 lausque
756 3640 875 3717 nitebit,

177 3732 219 3792 Et
238 3744 269 3792 te
284 3745 445 3813 patronum
460 3728 589 3812 percolet
603 3726 664 3810 ipsc
676 3728 777 3790 cliens.

135 3818 197 3883 Nec
212 3815 252 3880 src
265 3832 424 3880 contentus
438 3817 543 3880 virtuti
557 3814 711 3898 imponere
725 3815 827 3894 finem,

29 3970 30 3973 ,
176 3902 298 3988 Suspice
313 3903 458 3968 dosirinae
474 3903 585 3967 lumina
602 3904 682 3967 clara
697 3906 767 3987 piae.

135 3989 189 4058 llla
210 4009 275 4056 ruas
290 3992 410 4080 possunt
424 3993 464 4055 ad
486 3991 596 4055 coelum
619 3991 723 4054 tollere
736 3989 852 4067 laudea,
1045 4059 1047 4066 ¹

29 4012 35 4157 l
179 4085 229 4146 Te
242 4101 367 4181 quoque
379 4101 431 4167 per
446 4083 545 4144 niveas
559 4079 756 4151 condecorare
772 4093 868 4144 notar.
925 4153 932 4160 ,

568 4274 598 4338 X
621 4267 641 4339 '2
677 4324 678 4328 ,
1011 4267 1113 4350 Rroseq
