2942 4884
166 236 243 332 asa
495 249 527 328 J.
559 249 815 315 nunaunt
846 215 1195 339 nnrtdunnr'i

378 375 582 440 Gardinerum
595 378 688 440 etiam
703 377 807 442 recolis
822 375 859 440 de
875 397 959 441 tnore
975 393 1155 464 patronum:

432 465 584 548 Uritissegi
598 467 629 528 a
643 465 867 550 nominavchara
888 467 953 530 tibi.

388 553 444 615 Per
459 573 537 634 quos
552 552 667 635 coepisti
679 547 983 616 commendatiffimus
1004 554 1062 619 effla

336 693 340 700 .
432 641 565 702 Henrico
579 643 669 724 Regi,
692 637 903 724 nobilibusque
916 641 1000 706 viris.
1120 631 1125 642 ’

389 727 494 790 Scriba
508 727 655 791 Palatinas
667 727 782 791 coluisti
799 729 869 792 hinc
885 726 1000 793 sedulus
1014 729 1104 810 aedes,

185 886 188 896 Ι
434 812 583 878 Exercens
597 817 724 880 calamos
740 817 916 880 dexteritate
931 838 1018 880 nova.

173 889 234 972 hg.
245 920 301 960 rora
386 907 461 990 Qro
475 905 530 968 tibi
544 902 705 986 conjuncta
718 904 760 968 est
775 902 936 969 Presdunia
953 921 1086 990 tempore
1098 896 1197 997 virgcit

431 993 539 1078 Qalis
552 992 584 1056 in
604 993 741 1056 aethereis
754 991 882 1074 Cynthia
896 992 981 1055 vesta
1000 993 1085 1058 rotis.

388 1081 516 1146 Felicem
555 1100 600 1144 uae
613 1096 642 1143 te
656 1077 798 1164 generosa
816 1081 898 1164 prole
912 1099 1064 1164 parentem
1175 1085 1177 1092 '

432 1101 589 1244 Reddidit,
613 1171 643 1232 a
656 1166 737 1230 casto
753 1170 890 1252 praenitet
910 1166 1007 1254 usque¹
1019 1170 1120 1242 thoro.

388 1256 534 1340 Principis
547 1255 642 1320 arrifit
665 1256 784 1320 tandem
806 1257 862 1320 tibi
880 1261 974 1340 gratia
989 1257 1126 1342 flagrans,
1247 1337 1250 1344 .
1274 1285 1279 1294 ·

435 1345 543 1427 Legati
557 1365 591 1407 ac
605 1343 726 1406 Gallum
744 1365 865 1408 munere
878 1345 999 1408 anetus
1020 1346 1096 1409 adis.

389 1433 550 1499 Deinde&
565 1428 729 1496 Caesaream
743 1431 991 1496 fortunatiffimus
1005 1429 1107 1498 aniani
1193 1431 1200 1446 ⁸

434 1521 572 1585 Prudens
586 1535 687 1583 orator
701 1517 937 1604 conspicuusque
952 1523 1041 1604 petia

387 1604 536 1673 Affulsere
550 1609 609 1672 t‘uis
623 1608 735 1670 meritis
750 1610 822 1672 hinc
837 1611 958 1691 praemia
973 1609 1083 1692 digna:

434 1693 570 1771 Ditescis‚
593 1696 732 1759 cumulos
753 1696 875 1779 poffidet
890 1717 956 1760 arca
970 1695 1047 1760 suos.

195 1810 199 1818 ·
293 1785 298 1795 ’
389 1785 530 1850 Tantum
544 1781 587 1848 est
602 1784 749 1846 munifico
763 1784 889 1848 domino
902 1780 1025 1848 servire:
1049 1783 1146 1848 beavit

433 1875 483 1935 Te
496 1876 574 1947 Rex,
597 1870 711 1936 excelso
725 1869 941 1956 constituitque
955 1873 1032 1936 loco.

388 1957 448 2024 Hic
462 1980 520 2045 ego
535 1980 590 2044 pro
604 1963 697 2023 veteri
711 1960 759 2022 vel
773 1957 847 2023 cons
844 1961 989 2024 uetudine
1009 1957 1118 2040 nostrat

431 2050 576 2131 Optarem
590 2047 694 2111 studiis
708 2050 861 2133 proximus
875 2048 932 2113 effe
949 2051 1019 2126 tuis,

388 2136 431 2200 Ni
447 2152 519 2200 tuus
533 2152 626 2221 atque
638 2137 839 2202 meuacnltor
854 2134 1006 2200 Masonius
1021 2135 1073 2201 ille

432 2228 500 2306 jam
517 2223 703 2309 persuaiiiiet,
726 2221 855 2288 mesatis
870 2225 939 2288 eiiet
957 2240 1056 2288 tuum.
1154 2239 1156 2246 '

388 2312 518 2377 Addidit
536 2313 594 2376 hoc
608 2312 707 2387 etiam,
732 2333 784 2394 per
799 2333 846 2376 mc
862 2327 890 2375 te
908 2311 982 2376 velle
995 2311 1108 2390 videte,
1150 2369 1153 2374 .

411 2405 512 2485 „Qtae
529 2401 698 2483 Burgiduni
716 2400 823 2484 gloria,
847 2397 936 2477 fama,
959 2399 1061 2465 decus.

389 2488 480 2553 Talia
494 2488 578 2572 srqua
595 2489 714 2569 jurant.
739 2488 854 2570 possum
869 2487 1033 2553 describere
1059 2487 1098 2552 ad
1116 2505 1263 2574 unguem,

432 2578 590 2661 Oppidum
608 2578 639 2639 tic
659 2575 791 2659 antiquis
807 2576 951 2640 ‘irradiare
966 2577 1055 2641 notia.

730 2701 860 2788 Infigrtia
875 2703 978 2789 Regia.

467 2810 580 2873 Ircuius
594 2810 712 2892 imperii
726 2805 842 2872 vastum
853 2809 907 2889 qui
922 2805 1044 2870 circinat
1058 2807 1175 2886 orbem,

489 2901 591 2982 'Atque
605 2912 749 2960 coronato
764 2895 893 2968 collucet
911 2898 1016 2958 vertice
1032 2894 1137 2974 celsus,

392 2983 511 3048 Excolit
527 2983 647 3049 Henrici
662 2985 766 3047 multis
780 2981 903 3068 insignia
911 2985 992 3047 ‚votis
1005 3009 1013 3059 3

269 3103 273 3110 ·
389 3071 596 3156 Magnanimos
608 3071 674 3135 iilos
690 3071 844 3155 nodinque
859 3071 972 3156 diuque
986 3072 1096 3150 leones,

390 3159 509 3225 Eximie
523 3163 553 3223 iic
566 3182 673 3224 vernos
687 3161 843 3224 candentia
858 3161 919 3223 iilia
935 3157 1031 3223 flores.

389 3248 479 3324 Quid.
489 3249 543 3312 fibi
558 3248 623 3312 vult
638 3239 725 3327 lauri,
750 3249 824 3332 quid
840 3249 924 3310 olivae
935 3246 1009 3310 festa
1024 3267 1133 3311 corona
1149 3249 1160 3308 ἓ

389 3335 444 3398 lila
455 3335 542 3402 suum
558 3337 719 3414 Phoebum,
743 3339 816 3401 coiit
831 3337 894 3399 haec
906 3333 1048 3398 foecunda
1060 3338 1239 3428 Minervam.-

669 3459 798 3545 Irfignia
812 3461 900 3540 Janae
915 3461 1042 3543 Regina.

391 3572 563 3725 Piioenix
576 3589 672 3650 nuper
687 3589 766 3630 eram
782 3565 902 3630 venusta
918 3568 1032 3646 penniS,

473 3666 583 3724 Ortum
598 3677 658 3718 non
671 3658 786 3718 Arabes
803 3657 877 3718 mihi
892 3652 1010 3733 dedere,
1130 3729 1131 3734 η

392 3754 451 3816 Sed
464 3768 538 3832 gens
558 3745 636 3807 clara
650 3744 773 3826 quidem
792 3744 968 3806 Seuerianae

390 3839 553 3921 Henricunr
568 3833 646 3895 colui
658 3829 757 3894 serena
770 3831 873 3910 solem,

393 3929 514 3992 Pullum
533 3924 583 3988 cui
598 3919 691 3983 facilis
711 3943 811 3983 meum
833 3917 950 3996 sacravi,

393 4016 502 4082 Fausto
521 4013 551 4075 a
572 4011 665 4082 srdere
685 4012 864 4094 praenitente
877 4021 994 4072 natatur

740 4144 879 4226 Rostarum
899 4143 976 4204 unior

471 4254 583 4322 Ettuiit
598 4255 648 4319 iila
666 4254 727 4316 dies
745 4254 851 4337 Angiis
868 4250 997 4335 [pestata
1011 4233 1146 4326 salutem,
1171 4315 1175 4324 .
1287 4305 1291 4312 .

460 4417 474 4453 ὃ
515 4348 586 4437 Qu
600 4340 664 4410 rosa
679 4339 982 4434 purpureiseandida
999 4338 1105 4422 juncta
1119 4333 1204 4440 rnsrsr
1221 4428 1226 4436 .

1200 4443 1382 4530 critarum,

171 4191 235 4267 hg.
249 4208 303 4242 τοι.
