2942 4884
212 201 274 312 84'
362 221 373 277 ‘-
438 225 516 308 ·J.
562 222 827 287 tuLAuut
871 221 1239 308 Aurtduntttt

282 368 288 379 “
403 357 550 424 Illustrem
568 357 701 419 tabulam
716 343 835 419 doronis
849 356 951 418 alma?

404 453 439 511 Iu
455 467 515 530 qua
531 463 575 508 tot
588 465 720 517 veneres,
746 459 791 506 tot
806 446 836 505 sit
850 445 975 525 lepdres,

408 539 486 600 Τοῑ
491 533 606 596 blandae
621 534 778 605 illecebrae,
804 545 849 592 tot
868 533 896 593 u
912 532 1037 607 colores,

408 626 487 684 Cum
503 636 585 705 gruta
601 621 730 683 novitate
744 615 832 680 suave
845 618 951 694 rident,

408 713 493 793 Qot
513 707 686 790 promittere
702 705 837 769 noluisset
852 727 988 788 unquam

408 799 516 859 Clarus
532 795 712 870 Parrhasius,
736 815 789 858 nec
804 792 863 878 ipse
878 795 998 858 Zeuxis.

551 923 554 930 ’
627 926 677 988 Ad
687 925 866 988 Zachariam
880 922 1126 1010 jurisconsultum.

495 1026 587 1102 ouis,
614 1028 766 1098 Zacharia,
788 1027 904 1090 artibus
921 1025 1082 1110 refulgens,

518 1118 582 1200 Qi
596 1112 697 1178 Musas
711 1117 783 1178 colis
797 1117 826 1176 8(
841 1115 930 1176 leucis
944 1115 1076 1192 choreas,

411 1206 579 1284 Parnassum
601 1203 750 1266 celebrem
773 1217 859 1264 tuum
882 1203 1027 1286 relinque,

410 1297 475 1357 Nec
490 1292 606 1375 sperms
617 1294 721 1351 veteris
732 1285 810 1351 casas
826 1291 915 1352 amici
930 1315 937 1350 ε

409 1381 477 1443 ¹Sint
492 1381 624 1462 quamuis
640 1377 779 1451 humiles,
806 1394 866 1438 tuae
881 1395 978 1439 tamen
992 1375 1070 1453 sunt,

411 1469 603 1550 virtutesque
618 1483 683 1528 tuas
698 1480 811 1526 canunt
825 1465 972 1527 lubenter.

411 1558 462 1618 Ad
478 1555 557 1618 lusus
574 1555 627 1616 tibi
642 1557 778 1636 cognitoe
789 1555 900 1627 veuit0,

409 1643 539 1705 Ornatus
554 1643 640 1703 viridi
656 1656 746 1721 caput
760 1660 878 1712 corona,

231 1738 245 1766 ‘'
278 1758 284 1773 ·
408 1734 454 1792 Ac
472 1733 574 1794 deutra
591 1729 717 1791 tremula
738 1729 836 1807 lyram
853 1747 991 1788 canorum

407 1817 502 1881 Pulsa.
549 1819 624 1903 Qis
641 1819 770 1878 numeris
788 1831 874 1896 neget
891 1817 985 1876 valere

409 1903 469 1979 Te,
494 1928 586 1989 quem
602 1904 744 1988 plesliger
760 1900 818 1984 ipse
832 1904 964 1964 Phoebus
979 1903 1053 1964 olim

407 1997 530 2058 Omneis
548 1993 704 2075 perdocuit
719 1987 824 2054 modos
845 1991 994 2053 cauendi?

407 2082 465 2142 Sed
480 2098 512 2144 tu
528 2081 625 2144 desme
645 2081 730 2162 plura
754 2099 830 2140 nunc
844 2078 972 2142 litalia:

405 2169 512 2234 Phoebi
530 2170 685 2232 Zacharias
700 2165 860 2230 alumnus
854 2163 956 2228 tntrat.

527 2300 562 2360 Ia
574 2297 694 2382 effigiem
711 2295 832 2359 Andrea
853 2300 920 2376 Sat)
914 2295 978 2370 tbi,
1002 2295 1069 2358 Chr
1059 2296 1226 2380 stopharum

699 2386 906 2468 fiiumcompl
904 2387 1033 2446 trientis.

409 2495 615 2644 PUrpureis
633 2493 728 2575 pinxit
743 2485 819 2553 sucis
834 2513 928 2574 quum
947 2495 1043 2555 clarus
1058 2493 1191 2576 Apelles,

462 2629 465 2648 r
534 2579 785 2662 Chrffistophorum
803 2581 917 2662 jungit
921 2584 986 2642 viva
1002 2582 1110 2644 tabella
1125 2583 1215 2664 putri.

404 2669 618 2735 Mollibus'u
569 2691 618 2752 mg
620 2689 735 2730 enuum
753 2690 882 2750 puerum
896 2669 1124 2750 complestitut
1123 2671 1201 2734 ulnis

453 2761 604 2840 Smythus‚
628 2757 778 2837 Apollinei
793 2758 889 2838 gloria
904 2772 974 2816 uota
988 2761 1098 2840 gregis.

407 2849 473 2909 Hoc
489 2845 571 2927 quast
585 2842 713 2918 sentiret,
738 2844 882 2905 radiantia
894 2844 1009 2906 lumina
1022 2845 1130 2915 blande

451 2933 564 3005 Voluit,
587 2953 671 2993 amor
688 2934 778 3012 patris
794 2931 1005 3015 deliciumque,
1029 2954 1113 3014 puer.

407 3021 527 3082 Gaudet
541 3021 569 3081 dc
583 3019 723 3100 amplexu
738 3019 819 3079 chari
838 3039 912 3100 puer
927 3017 987 3100 ipse
1004 3021 1143 3101 parentis,

451 3111 546 3188 Cujus
561 3109 592 3170 iu
606 3123 711 3189 optato
725 3106 826 3172 lustrat
840 3103 935 3190 usque
953 3105 1029 3170 sinu.

701 3233 751 3296 Ad
763 3235 890 3318 Cygnum
902 3231 1042 3314 judicem.

462 3342 557 3406 Tubit
575 3343 692 3422 judicio
707 3343 852 3427 cedetque
867 3340 980 3424 semper

484 3429 627 3494 Nostrum
644 3435 749 3512 Cygne
765 3447 818 3491 tuo
836 3427 940 3495 diserte
954 3449 1083 3496 carmen.

405 3523 510 3603 Qure
527 3518 546 3580 st
564 3521 652 3581 niteat
669 3517 725 3580 suis
741 3519 858 3602 figuris,

299 3639 306 3651 ·
397 3610 497 3685 ,Arma
513 3603 588 3668 inte't
605 3603 690 3668 biseri
706 3605 800 3668 roseta
815 3604 901 3684 Pesti,

409 3699 513 3775 Atque
526 3695 603 3756 iuter
618 3695 709 3756 violas
724 3691 870 3758 suiiv'iores

410 3782 496 3844 Felix
513 3794 655 3863 perpetuo
671 3783 760 3843 thoro
774 3780 904 3844 fruatu.r

409 3871 452 3932 At
470 3867 490 3929 fi
506 3889 696 3950 purpureo
670 3883 752 3930 vacet
769 3870 879 3942 colore,

408 3953 511 4021 Pascat
526 3957 664 4040 loripedis
687 3949 745 4018 Dei
759 3957 901 4021 caminos.

691 4091 792 4152 Votum
806 4088 847 4150 ad
867 4089 1057 4151 Libertatem.

506 4209 568 4269 ΟΝ
588 4207 618 4267 in
634 4210 792 4286 Erythraeo
801 4204 949 4289 fulgentes
964 4193 1064 4284 littore
1077 4205 1216 4282 conchas,

520 4299 585 4359 Aut
600 4293 712 4357 molleis
726 4296 862 4360 Arabum
878 4294 1119 4408 pullulonvmus
1134 4315 1214 4382 opes.
1314 4385 1390 4448 Non
