<?xml version="1.0" encoding="UTF-8"?>
<!DOCTYPE html PUBLIC "-//W3C//DTD XHTML 1.0 Transitional//EN"
    "http://www.w3.org/TR/xhtml1/DTD/xhtml1-transitional.dtd">
<html xmlns="http://www.w3.org/1999/xhtml" xml:lang="en" lang="en">
 <head>
  <title>
</title>
<meta http-equiv="Content-Type" content="text/html;charset=utf-8" />
  <meta name='ocr-system' content='tesseract 3.04.00' />
  <meta name='ocr-capabilities' content='ocr_page ocr_carea ocr_par ocr_line ocrx_word'/>
</head>
<body>
  <div class='ocr_page' id='page_1' title='image "./joannislelandia15lelagoog_0125.png"; bbox 0 0 2942 4884; ppageno 0'>
   <div class='ocr_carea' id='block_1_1' title="bbox 204 207 985 312">
    <p class='ocr_par' dir='ltr' id='par_1_1' title="bbox 204 207 985 312">
     <span class='ocr_line' id='line_1_1' title="bbox 204 207 985 312; baseline 0.003 -40"><span class='ocrx_word' id='word_1_1' title='bbox 204 208 464 312; x_wconf 72' lang='lat' dir='ltr'>Encotttn</span> <span class='ocrx_word' id='word_1_2' title='bbox 509 207 776 273; x_wconf 77' lang='lat' dir='ltr'>I‘LLUSTR.</span> <span class='ocrx_word' id='word_1_3' title='bbox 810 209 985 274; x_wconf 77' lang='lat' dir='ltr'>vrnott.</span> 
     </span>
    </p>
   </div>
   <div class='ocr_carea' id='block_1_2' title="bbox 116 346 1073 698">
    <p class='ocr_par' dir='ltr' id='par_1_2' title="bbox 116 346 627 424">
     <span class='ocr_line' id='line_1_2' title="bbox 116 346 627 424; baseline -0.004 -10"><span class='ocrx_word' id='word_1_4' title='bbox 116 347 264 424; x_wconf 62' lang='lat' dir='ltr'>salande,</span> <span class='ocrx_word' id='word_1_5' title='bbox 287 346 373 412; x_wconf 83' lang='lat' dir='ltr'>solita</span> <span class='ocrx_word' id='word_1_6' title='bbox 387 346 543 412; x_wconf 76' lang='lat' dir='ltr'>serenitate</span> <span class='ocrx_word' id='word_1_7' title='bbox 625 418 627 421; x_wconf 78' lang='lat'><em>.</em></span> 
     </span>
    </p>

    <p class='ocr_par' dir='ltr' id='par_1_3' title="bbox 121 434 1073 698">
     <span class='ocr_line' id='line_1_3' title="bbox 121 434 1056 501; baseline -0.003 0"><span class='ocrx_word' id='word_1_8' title='bbox 121 439 254 501; x_wconf 80' lang='lat' dir='ltr'>Frontis:</span> <span class='ocrx_word' id='word_1_9' title='bbox 278 436 318 499; x_wconf 83' lang='lat' dir='ltr'>stc</span> <span class='ocrx_word' id='word_1_10' title='bbox 333 438 435 499; x_wconf 86' lang='lat' dir='ltr'>titulos</span> <span class='ocrx_word' id='word_1_11' title='bbox 450 451 520 499; x_wconf 76' lang='lat' dir='ltr'>tuos</span> <span class='ocrx_word' id='word_1_12' title='bbox 533 434 650 500; x_wconf 79' lang='lat' dir='ltr'>sonabit</span> <span class='ocrx_word' id='word_1_13' title='bbox 738 488 744 498; x_wconf 82' lang='grc'><em>,</em></span> <span class='ocrx_word' id='word_1_14' title='bbox 1052 474 1056 491; x_wconf 83' lang='lat'><strong>·</strong></span> 
     </span>
     <span class='ocr_line' id='line_1_4' title="bbox 122 523 1073 608; baseline 0.002 -22"><span class='ocrx_word' id='word_1_15' title='bbox 122 524 188 588; x_wconf 85' lang='lat' dir='ltr'>Post</span> <span class='ocrx_word' id='word_1_16' title='bbox 203 528 258 587; x_wconf 75' lang='lat' dir='ltr'>hac</span> <span class='ocrx_word' id='word_1_17' title='bbox 277 524 486 608; x_wconf 83' lang='lat' dir='ltr'>grandiloquis</span> <span class='ocrx_word' id='word_1_18' title='bbox 501 525 594 599; x_wconf 88' lang='lat' dir='ltr'>tubis,</span> <span class='ocrx_word' id='word_1_19' title='bbox 616 523 741 590; x_wconf 83' lang='lat' dir='ltr'>secretn¹</span> <span class='ocrx_word' id='word_1_20' title='bbox 766 577 769 586; x_wconf 83' lang='lat'>.</span> <span class='ocrx_word' id='word_1_21' title='bbox 786 575 810 586; x_wconf 77' lang='grc'>.,</span> <span class='ocrx_word' id='word_1_22' title='bbox 920 583 923 590; x_wconf 92' lang='grc'>,</span> <span class='ocrx_word' id='word_1_23' title='bbox 1032 571 1044 590; x_wconf 47' lang='grc'>,,</span> <span class='ocrx_word' id='word_1_24' title='bbox 1069 541 1073 575; x_wconf 75' lang='lat'>³</span> 
     </span>
     <span class='ocr_line' id='line_1_5' title="bbox 121 609 812 698; baseline 0.003 -22"><span class='ocrx_word' id='word_1_25' title='bbox 121 617 242 698; x_wconf 85' lang='lat' dir='ltr'>Ruptus</span> <span class='ocrx_word' id='word_1_26' title='bbox 256 611 366 676; x_wconf 88' lang='lat' dir='ltr'>viscera</span> <span class='ocrx_word' id='word_1_27' title='bbox 382 613 532 696; x_wconf 82' lang='lat' dir='ltr'>Delphico</span> <span class='ocrx_word' id='word_1_28' title='bbox 545 609 659 678; x_wconf 85' lang='lat' dir='ltr'>surore.</span> <span class='ocrx_word' id='word_1_29' title='bbox 715 667 719 674; x_wconf 82' lang='lat'><strong>.</strong></span> <span class='ocrx_word' id='word_1_30' title='bbox 767 665 779 674; x_wconf 92' lang='lat'>..</span> <span class='ocrx_word' id='word_1_31' title='bbox 808 667 812 678; x_wconf 86' lang='lat'><strong>.</strong></span> 
     </span>
    </p>
   </div>
   <div class='ocr_carea' id='block_1_3' title="bbox 463 689 985 806">
    <p class='ocr_par' dir='ltr' id='par_1_4' title="bbox 463 689 985 806">
     <span class='ocr_line' id='line_1_6' title="bbox 463 689 985 806; baseline 0.002 -21"><span class='ocrx_word' id='word_1_32' title='bbox 463 722 706 806; x_wconf 68' lang='lat' dir='ltr'>Adrhrrppm.</span> <span class='ocrx_word' id='word_1_33' title='bbox 776 728 790 762; x_wconf 85' lang='lat'>··</span> <span class='ocrx_word' id='word_1_34' title='bbox 823 753 854 764; x_wconf 92' lang='lat'>·-</span> <span class='ocrx_word' id='word_1_35' title='bbox 981 689 985 698; x_wconf 69' lang='grc'><strong>’</strong></span> 
     </span>
    </p>
   </div>
   <div class='ocr_carea' id='block_1_4' title="bbox 121 805 1320 980">
    <p class='ocr_par' dir='ltr' id='par_1_5' title="bbox 121 805 1320 980">
     <span class='ocr_line' id='line_1_7' title="bbox 121 805 1320 980; baseline 0.009 -92"><span class='ocrx_word' id='word_1_36' title='bbox 121 824 290 980; x_wconf 80' lang='lat' dir='ltr'>TErga</span> <span class='ocrx_word' id='word_1_37' title='bbox 305 827 413 912; x_wconf 84' lang='lat' dir='ltr'>premis</span> <span class='ocrx_word' id='word_1_38' title='bbox 429 818 559 908; x_wconf 76' lang='lat' dir='ltr'>Scythici</span> <span class='ocrx_word' id='word_1_39' title='bbox 573 818 693 912; x_wconf 79' lang='lat' dir='ltr'>quoties</span> <span class='ocrx_word' id='word_1_40' title='bbox 708 825 840 892; x_wconf 75' lang='lat' dir='ltr'>violenta</span> <span class='ocrx_word' id='word_1_41' title='bbox 854 825 972 908; x_wconf 82' lang='lat' dir='ltr'>cabaili,</span> <span class='ocrx_word' id='word_1_42' title='bbox 1029 805 1073 854; x_wconf 41' lang='lat'>‘³</span> <span class='ocrx_word' id='word_1_43' title='bbox 1202 913 1204 925; x_wconf 20' lang='grc' dir='ltr'>Α</span> <span class='ocrx_word' id='word_1_44' title='bbox 1317 885 1320 899; x_wconf 75' lang='grc'><strong><em>,</em></strong></span> 
     </span>
    </p>
   </div>
   <div class='ocr_carea' id='block_1_5' title="bbox 251 912 966 1116">
    <p class='ocr_par' dir='ltr' id='par_1_6' title="bbox 251 912 966 1116">
     <span class='ocr_line' id='line_1_8' title="bbox 251 912 966 1012; baseline 0.003 -32"><span class='ocrx_word' id='word_1_45' title='bbox 251 918 381 980; x_wconf 82' lang='lat' dir='ltr'><strong>Nomina</strong></span> <span class='ocrx_word' id='word_1_46' title='bbox 395 914 623 1012; x_wconf 74' lang='lat' dir='ltr'>desasiisvera,</span> <span class='ocrx_word' id='word_1_47' title='bbox 647 912 795 1001; x_wconf 83' lang='lat' dir='ltr'>Philippe,</span> <span class='ocrx_word' id='word_1_48' title='bbox 818 920 938 1002; x_wconf 80' lang='lat' dir='ltr'>probas.</span> <span class='ocrx_word' id='word_1_49' title='bbox 963 956 966 961; x_wconf 92' lang='lat'><em>·</em></span> 
     </span>
     <span class='ocr_line' id='line_1_9' title="bbox 381 1016 925 1116; baseline 0.007 -29"><span class='ocrx_word' id='word_1_50' title='bbox 381 1024 432 1088; x_wconf 87' lang='lat' dir='ltr'>Ad</span> <span class='ocrx_word' id='word_1_51' title='bbox 442 1016 599 1090; x_wconf 69' lang='lat' dir='ltr'>Arionium</span> <span class='ocrx_word' id='word_1_52' title='bbox 610 1027 819 1116; x_wconf 53' lang='lat' dir='ltr'>liutherum</span> <span class='ocrx_word' id='word_1_53' title='bbox 920 1019 925 1028; x_wconf 69' lang='grc'><strong>’</strong></span> 
     </span>
    </p>
   </div>
   <div class='ocr_carea' id='block_1_6' title="bbox 202 1128 1005 1300">
    <p class='ocr_par' dir='ltr' id='par_1_7' title="bbox 202 1128 1005 1300">
     <span class='ocr_line' id='line_1_10' title="bbox 202 1128 1005 1213; baseline 0.012 -20"><span class='ocrx_word' id='word_1_54' title='bbox 202 1131 308 1208; x_wconf 88' lang='lat' dir='ltr'>Ntoni,</span> <span class='ocrx_word' id='word_1_55' title='bbox 330 1143 445 1197; x_wconf 80' lang='lat' dir='ltr'>veteres</span> <span class='ocrx_word' id='word_1_56' title='bbox 457 1131 512 1213; x_wconf 90' lang='lat' dir='ltr'>qni</span> <span class='ocrx_word' id='word_1_57' title='bbox 527 1128 641 1193; x_wconf 87' lang='lat' dir='ltr'>nostros</span> <span class='ocrx_word' id='word_1_58' title='bbox 656 1132 859 1203; x_wconf 56' lang='lat' dir='ltr'>interemit&amp;</span> <span class='ocrx_word' id='word_1_59' title='bbox 970 1183 973 1188; x_wconf 92' lang='lat'><em>-</em></span> <span class='ocrx_word' id='word_1_60' title='bbox 1002 1149 1005 1155; x_wconf 85' lang='grc'><em>“</em></span> 
     </span>
     <span class='ocr_line' id='line_1_11' title="bbox 248 1215 811 1300; baseline 0.002 -19"><span class='ocrx_word' id='word_1_61' title='bbox 248 1221 321 1300; x_wconf 85' lang='lat' dir='ltr'>Jure</span> <span class='ocrx_word' id='word_1_62' title='bbox 336 1234 392 1281; x_wconf 90' lang='lat' dir='ltr'>tuo</span> <span class='ocrx_word' id='word_1_63' title='bbox 406 1219 471 1281; x_wconf 87' lang='lat' dir='ltr'>loca</span> <span class='ocrx_word' id='word_1_64' title='bbox 485 1237 546 1281; x_wconf 89' lang='lat' dir='ltr'>non</span> <span class='ocrx_word' id='word_1_65' title='bbox 561 1215 811 1295; x_wconf 75' lang='lat' dir='ltr'>inferioratenes,</span> 
     </span>
    </p>
   </div>
   <div class='ocr_carea' id='block_1_7' title="bbox 27 1296 947 1571">
    <p class='ocr_par' dir='ltr' id='par_1_8' title="bbox 27 1296 947 1571">
     <span class='ocr_line' id='line_1_12' title="bbox 27 1296 815 1392; baseline -0.006 -19"><span class='ocrx_word' id='word_1_66' title='bbox 27 1296 28 1299; x_wconf 8' lang='grc' dir='ltr'><strong>Ἴ</strong></span> <span class='ocrx_word' id='word_1_67' title='bbox 121 1312 150 1372; x_wconf 84' lang='lat' dir='ltr'>si</span> <span class='ocrx_word' id='word_1_68' title='bbox 166 1323 252 1392; x_wconf 83' lang='lat' dir='ltr'>potes</span> <span class='ocrx_word' id='word_1_69' title='bbox 265 1309 283 1370; x_wconf 71' lang='grc' dir='ltr'><em>ὲ</em></span> <span class='ocrx_word' id='word_1_70' title='bbox 297 1299 401 1371; x_wconf 80' lang='lat' dir='ltr'>studiis</span> <span class='ocrx_word' id='word_1_71' title='bbox 417 1310 528 1370; x_wconf 86' lang='lat' dir='ltr'>tetricae</span> <span class='ocrx_word' id='word_1_72' title='bbox 541 1306 647 1370; x_wconf 82' lang='lat' dir='ltr'>cessare</span> <span class='ocrx_word' id='word_1_73' title='bbox 662 1308 815 1384; x_wconf 82' lang='lat' dir='ltr'>Minervae,</span> 
     </span>
     <span class='ocr_line' id='line_1_13' title="bbox 27 1393 930 1478; baseline 0 -18"><span class='ocrx_word' id='word_1_74' title='bbox 27 1416 28 1473; x_wconf 82' lang='lat' dir='ltr'><strong>j</strong></span> <span class='ocrx_word' id='word_1_75' title='bbox 161 1396 333 1470; x_wconf 86' lang='lat' dir='ltr'>Pauliuium</span> <span class='ocrx_word' id='word_1_76' title='bbox 346 1395 385 1457; x_wconf 93' lang='lat' dir='ltr'>ad</span> <span class='ocrx_word' id='word_1_77' title='bbox 399 1394 452 1459; x_wconf 84' lang='lat' dir='ltr'>has</span> <span class='ocrx_word' id='word_1_78' title='bbox 466 1415 562 1478; x_wconf 78' lang='lat' dir='ltr'>nugas</span> <span class='ocrx_word' id='word_1_79' title='bbox 576 1393 692 1456; x_wconf 86' lang='lat' dir='ltr'>lumina</span> <span class='ocrx_word' id='word_1_80' title='bbox 706 1394 896 1465; x_wconf 69' lang='lat' dir='ltr'>flessemeas.</span> <span class='ocrx_word' id='word_1_81' title='bbox 927 1469 930 1477; x_wconf 20' lang='grc' dir='ltr'><strong><em>Δ</em></strong></span> 
     </span>
     <span class='ocr_line' id='line_1_14' title="bbox 27 1481 947 1571; baseline -0.001 -22"><span class='ocrx_word' id='word_1_82' title='bbox 27 1500 28 1571; x_wconf 57' lang='grc' dir='ltr'>ᾖ</span> <span class='ocrx_word' id='word_1_83' title='bbox 120 1487 188 1549; x_wconf 88' lang='lat' dir='ltr'>Non</span> <span class='ocrx_word' id='word_1_84' title='bbox 201 1483 289 1548; x_wconf 82' lang='lat' dir='ltr'>facile</span> <span class='ocrx_word' id='word_1_85' title='bbox 303 1481 352 1545; x_wconf 85' lang='lat' dir='ltr'>hic</span> <span class='ocrx_word' id='word_1_86' title='bbox 364 1483 466 1545; x_wconf 85' lang='lat' dir='ltr'>credas</span> <span class='ocrx_word' id='word_1_87' title='bbox 481 1497 640 1565; x_wconf 90' lang='lat' dir='ltr'>quantum,</span> <span class='ocrx_word' id='word_1_88' title='bbox 664 1485 793 1548; x_wconf 85' lang='lat' dir='ltr'>Barkete</span> <span class='ocrx_word' id='word_1_89' title='bbox 807 1485 909 1566; x_wconf 58' lang='lat' dir='ltr'>posits,</span> <span class='ocrx_word' id='word_1_90' title='bbox 944 1505 947 1509; x_wconf 90' lang='grc'><em>·</em></span> 
     </span>
    </p>
   </div>
   <div class='ocr_carea' id='block_1_8' title="bbox 161 1567 745 1651">
    <p class='ocr_par' dir='ltr' id='par_1_9' title="bbox 161 1567 745 1651">
     <span class='ocr_line' id='line_1_15' title="bbox 161 1567 745 1651; baseline 0 -16"><span class='ocrx_word' id='word_1_91' title='bbox 161 1571 283 1651; x_wconf 88' lang='lat' dir='ltr'>Judicio</span> <span class='ocrx_word' id='word_1_92' title='bbox 297 1572 408 1634; x_wconf 88' lang='lat' dir='ltr'>tribuat</span> <span class='ocrx_word' id='word_1_93' title='bbox 422 1567 520 1632; x_wconf 77' lang='lat' dir='ltr'>nostra</span> <span class='ocrx_word' id='word_1_94' title='bbox 540 1569 651 1633; x_wconf 79' lang='lat' dir='ltr'>Thalia</span> <span class='ocrx_word' id='word_1_95' title='bbox 670 1586 745 1635; x_wconf 83' lang='lat' dir='ltr'>tuo:</span> 
     </span>
    </p>
   </div>
   <div class='ocr_carea' id='block_1_9' title="bbox 26 1640 882 1745">
    <p class='ocr_par' dir='ltr' id='par_1_10' title="bbox 26 1640 882 1745">
     <span class='ocr_line' id='line_1_16' title="bbox 26 1640 882 1745; baseline 0.007 -24"><span class='ocrx_word' id='word_1_96' title='bbox 26 1640 28 1711; x_wconf 63' lang='grc' dir='ltr'><em>ἶ</em></span> <span class='ocrx_word' id='word_1_97' title='bbox 120 1661 200 1745; x_wconf 85' lang='lat' dir='ltr'>Ergo</span> <span class='ocrx_word' id='word_1_98' title='bbox 214 1659 301 1733; x_wconf 87' lang='lat' dir='ltr'>adfis,</span> <span class='ocrx_word' id='word_1_99' title='bbox 325 1659 443 1720; x_wconf 85' lang='lat' dir='ltr'>chartas</span> <span class='ocrx_word' id='word_1_100' title='bbox 457 1657 536 1742; x_wconf 85' lang='lat' dir='ltr'>parvi</span> <span class='ocrx_word' id='word_1_101' title='bbox 552 1655 762 1730; x_wconf 76' lang='lat' dir='ltr'>&amp;transcurre</span> <span class='ocrx_word' id='word_1_102' title='bbox 778 1658 882 1739; x_wconf 74' lang='lat' dir='ltr'>libelli,</span> 
     </span>
    </p>
   </div>
   <div class='ocr_carea' id='block_1_10' title="bbox 153 1743 833 1942">
    <p class='ocr_par' dir='ltr' id='par_1_11' title="bbox 153 1743 833 1942">
     <span class='ocr_line' id='line_1_17' title="bbox 153 1743 781 1838; baseline -0.006 -28"><span class='ocrx_word' id='word_1_103' title='bbox 153 1751 225 1838; x_wconf 73' lang='lat' dir='ltr'>Qui</span> <span class='ocrx_word' id='word_1_104' title='bbox 239 1744 334 1810; x_wconf 82' lang='lat' dir='ltr'>Musae</span> <span class='ocrx_word' id='word_1_105' title='bbox 348 1743 441 1810; x_wconf 86' lang='lat' dir='ltr'>servat</span> <span class='ocrx_word' id='word_1_106' title='bbox 455 1749 579 1830; x_wconf 78' lang='lat' dir='ltr'>pignora</span> <span class='ocrx_word' id='word_1_107' title='bbox 592 1746 681 1809; x_wconf 86' lang='lat' dir='ltr'>chara</span> <span class='ocrx_word' id='word_1_108' title='bbox 694 1766 781 1818; x_wconf 80' lang='lat' dir='ltr'>meae.</span> 
     </span>
     <span class='ocr_line' id='line_1_18' title="bbox 336 1859 833 1942; baseline 0.002 -17"><span class='ocrx_word' id='word_1_109' title='bbox 336 1859 387 1925; x_wconf 87' lang='lat' dir='ltr'>Ad</span> <span class='ocrx_word' id='word_1_110' title='bbox 397 1862 568 1924; x_wconf 80' lang='lat' dir='ltr'>Borbonium</span> <span class='ocrx_word' id='word_1_111' title='bbox 586 1859 833 1942; x_wconf 68' lang='lat' dir='ltr'>Vandoperanunn</span> 
     </span>
    </p>
   </div>
   <div class='ocr_carea' id='block_1_11' title="bbox 163 1959 891 2147">
    <p class='ocr_par' dir='ltr' id='par_1_12' title="bbox 163 1959 891 2147">
     <span class='ocr_line' id='line_1_19' title="bbox 193 1959 891 2055; baseline -0.003 -20"><span class='ocrx_word' id='word_1_112' title='bbox 193 1972 404 2055; x_wconf 82' lang='lat' dir='ltr'>Andoperane,</span> <span class='ocrx_word' id='word_1_113' title='bbox 427 1973 486 2033; x_wconf 89' lang='lat' dir='ltr'>mei</span> <span class='ocrx_word' id='word_1_114' title='bbox 500 1965 605 2031; x_wconf 88' lang='lat' dir='ltr'>censor</span> <span class='ocrx_word' id='word_1_115' title='bbox 616 1982 649 2032; x_wconf 84' lang='lat' dir='ltr'>tn</span> <span class='ocrx_word' id='word_1_116' title='bbox 662 1971 803 2032; x_wconf 82' lang='lat' dir='ltr'>carminis</span> <span class='ocrx_word' id='word_1_117' title='bbox 818 1959 891 2048; x_wconf 75' lang='lat' dir='ltr'>esto,</span> 
     </span>
     <span class='ocr_line' id='line_1_20' title="bbox 163 2057 869 2147; baseline 0.004 -27"><span class='ocrx_word' id='word_1_118' title='bbox 163 2089 167 2096; x_wconf 95' lang='lat'>·</span> <span class='ocrx_word' id='word_1_119' title='bbox 193 2063 317 2147; x_wconf 74' lang='lat' dir='ltr'>,Qum</span> <span class='ocrx_word' id='word_1_120' title='bbox 330 2059 436 2122; x_wconf 84' lang='lat' dir='ltr'>veilent</span> <span class='ocrx_word' id='word_1_121' title='bbox 450 2059 546 2141; x_wconf 84' lang='lat' dir='ltr'>Nugis</span> <span class='ocrx_word' id='word_1_122' title='bbox 560 2059 716 2140; x_wconf 82' lang='lat' dir='ltr'>proximus</span> <span class='ocrx_word' id='word_1_123' title='bbox 727 2057 784 2120; x_wconf 85' lang='lat' dir='ltr'>esse</span> <span class='ocrx_word' id='word_1_124' title='bbox 799 2062 869 2125; x_wconf 88' lang='lat' dir='ltr'>tuis.</span> 
     </span>
    </p>
   </div>
   <div class='ocr_carea' id='block_1_12' title="bbox 269 2179 1052 2270">
    <p class='ocr_par' dir='ltr' id='par_1_13' title="bbox 269 2179 1052 2270">
     <span class='ocr_line' id='line_1_21' title="bbox 269 2179 1052 2270; baseline 0 -27"><span class='ocrx_word' id='word_1_125' title='bbox 269 2181 345 2245; x_wconf 76' lang='lat' dir='ltr'>ritiae</span> <span class='ocrx_word' id='word_1_126' title='bbox 359 2179 468 2243; x_wconf 65' lang='lat' dir='ltr'>noma</span> <span class='ocrx_word' id='word_1_127' title='bbox 484 2181 574 2244; x_wconf 86' lang='lat' dir='ltr'>Mori.</span> <span class='ocrx_word' id='word_1_128' title='bbox 619 2179 765 2244; x_wconf 69' lang='lat' dir='ltr'>charitna</span> <span class='ocrx_word' id='word_1_129' title='bbox 779 2203 893 2245; x_wconf 81' lang='lat' dir='ltr'>cosona.</span> <span class='ocrx_word' id='word_1_130' title='bbox 1012 2257 1020 2269; x_wconf 31' lang='grc' dir='ltr'><strong><em>ι</em></strong></span> <span class='ocrx_word' id='word_1_131' title='bbox 1046 2257 1052 2270; x_wconf 28' lang='grc' dir='ltr'>ἱ</span> 
     </span>
    </p>
   </div>
   <div class='ocr_carea' id='block_1_13' title="bbox 213 2283 965 2456">
    <p class='ocr_par' dir='ltr' id='par_1_14' title="bbox 213 2283 965 2456">
     <span class='ocr_line' id='line_1_22' title="bbox 213 2283 965 2369; baseline 0 -19"><span class='ocrx_word' id='word_1_132' title='bbox 213 2289 302 2350; x_wconf 83' lang='lat' dir='ltr'>RES</span> <span class='ocrx_word' id='word_1_133' title='bbox 321 2305 447 2348; x_wconf 90' lang='lat' dir='ltr'>numero</span> <span class='ocrx_word' id='word_1_134' title='bbox 463 2285 601 2347; x_wconf 81' lang='lat' dir='ltr'>Charites</span> <span class='ocrx_word' id='word_1_135' title='bbox 615 2287 714 2348; x_wconf 84' lang='lat' dir='ltr'>Graeci</span> <span class='ocrx_word' id='word_1_136' title='bbox 729 2283 844 2350; x_wconf 84' lang='lat' dir='ltr'>finxere</span> <span class='ocrx_word' id='word_1_137' title='bbox 859 2289 965 2369; x_wconf 72' lang='lat' dir='ltr'>poi&#39;tae,</span> 
     </span>
     <span class='ocr_line' id='line_1_23' title="bbox 253 2373 925 2456; baseline 0.004 -18"><span class='ocrx_word' id='word_1_138' title='bbox 253 2374 374 2438; x_wconf 84' lang='lat' dir='ltr'>AEmuia</span> <span class='ocrx_word' id='word_1_139' title='bbox 388 2389 462 2456; x_wconf 85' lang='lat' dir='ltr'>quas</span> <span class='ocrx_word' id='word_1_140' title='bbox 477 2374 562 2435; x_wconf 89' lang='lat' dir='ltr'>toties</span> <span class='ocrx_word' id='word_1_141' title='bbox 573 2376 704 2436; x_wconf 86' lang='lat' dir='ltr'>carmine</span> <span class='ocrx_word' id='word_1_142' title='bbox 719 2377 819 2438; x_wconf 86' lang='lat' dir='ltr'>Roma&#39;</span> <span class='ocrx_word' id='word_1_143' title='bbox 834 2373 925 2442; x_wconf 89' lang='lat' dir='ltr'>sonat.</span> 
     </span>
    </p>
   </div>
   <div class='ocr_carea' id='block_1_14' title="bbox 25 2461 902 2547">
    <p class='ocr_par' dir='ltr' id='par_1_15' title="bbox 25 2461 902 2547">
     <span class='ocr_line' id='line_1_24' title="bbox 25 2461 902 2547; baseline -0.003 -18"><span class='ocrx_word' id='word_1_144' title='bbox 25 2493 26 2517; x_wconf 63' lang='lat' dir='ltr'>t</span> <span class='ocrx_word' id='word_1_145' title='bbox 119 2466 271 2542; x_wconf 62' lang='lat' dir='ltr'>Hastenus</span> <span class='ocrx_word' id='word_1_146' title='bbox 286 2478 316 2539; x_wconf 85' lang='lat' dir='ltr'>at</span> <span class='ocrx_word' id='word_1_147' title='bbox 334 2481 490 2547; x_wconf 82' lang='lat' dir='ltr'>nunquam</span> <span class='ocrx_word' id='word_1_148' title='bbox 500 2482 549 2526; x_wconf 86' lang='lat' dir='ltr'>res</span> <span class='ocrx_word' id='word_1_149' title='bbox 562 2461 605 2524; x_wconf 87' lang='lat' dir='ltr'>est</span> <span class='ocrx_word' id='word_1_150' title='bbox 618 2462 682 2525; x_wconf 80' lang='lat' dir='ltr'>haec</span> <span class='ocrx_word' id='word_1_151' title='bbox 695 2465 808 2527; x_wconf 83' lang='lat' dir='ltr'>credita</span> <span class='ocrx_word' id='word_1_152' title='bbox 822 2483 902 2540; x_wconf 82' lang='lat' dir='ltr'>vera,</span> 
     </span>
    </p>
   </div>
   <div class='ocr_carea' id='block_1_15' title="bbox 117 2547 1063 2988">
    <p class='ocr_par' dir='ltr' id='par_1_16' title="bbox 160 2547 818 2634">
     <span class='ocr_line' id='line_1_25' title="bbox 160 2547 818 2634; baseline -0.002 -18"><span class='ocrx_word' id='word_1_153' title='bbox 160 2557 205 2616; x_wconf 92' lang='lat' dir='ltr'>Ut</span> <span class='ocrx_word' id='word_1_154' title='bbox 219 2571 317 2634; x_wconf 91' lang='lat' dir='ltr'>neque</span> <span class='ocrx_word' id='word_1_155' title='bbox 331 2551 368 2613; x_wconf 90' lang='lat' dir='ltr'>de</span> <span class='ocrx_word' id='word_1_156' title='bbox 383 2549 478 2612; x_wconf 82' lang='lat' dir='ltr'>Mufis</span> <span class='ocrx_word' id='word_1_157' title='bbox 492 2547 595 2612; x_wconf 84' lang='lat' dir='ltr'>fabula</span> <span class='ocrx_word' id='word_1_158' title='bbox 609 2570 683 2612; x_wconf 86' lang='lat' dir='ltr'>vana</span> <span class='ocrx_word' id='word_1_159' title='bbox 697 2571 818 2614; x_wconf 84' lang='lat' dir='ltr'>novem.</span> 
     </span>
    </p>

    <p class='ocr_par' dir='ltr' id='par_1_17' title="bbox 119 2635 1049 2793">
     <span class='ocr_line' id='line_1_26' title="bbox 119 2635 1049 2716; baseline -0.006 -9"><span class='ocrx_word' id='word_1_160' title='bbox 119 2646 184 2707; x_wconf 84' lang='lat' dir='ltr'>Nos</span> <span class='ocrx_word' id='word_1_161' title='bbox 200 2656 301 2703; x_wconf 89' lang='lat' dir='ltr'>tamen</span> <span class='ocrx_word' id='word_1_162' title='bbox 316 2641 463 2715; x_wconf 79' lang='lat' dir='ltr'>intrantes</span> <span class='ocrx_word' id='word_1_163' title='bbox 477 2635 599 2700; x_wconf 85' lang='lat' dir='ltr'>facundi</span> <span class='ocrx_word' id='word_1_164' title='bbox 614 2638 715 2702; x_wconf 80' lang='lat' dir='ltr'>limina</span> <span class='ocrx_word' id='word_1_165' title='bbox 729 2642 821 2716; x_wconf 81' lang='lat' dir='ltr'>Mori,</span> <span class='ocrx_word' id='word_1_166' title='bbox 930 2691 933 2698; x_wconf 91' lang='lat'><em>.</em></span> <span class='ocrx_word' id='word_1_167' title='bbox 1013 2694 1017 2702; x_wconf 83' lang='lat'>.</span> <span class='ocrx_word' id='word_1_168' title='bbox 1045 2644 1049 2652; x_wconf 81' lang='grc'><em>’</em></span> 
     </span>
     <span class='ocr_line' id='line_1_27' title="bbox 159 2726 724 2793; baseline -0.002 -2"><span class='ocrx_word' id='word_1_169' title='bbox 159 2729 291 2793; x_wconf 86' lang='lat' dir='ltr'>Attoniti</span> <span class='ocrx_word' id='word_1_170' title='bbox 306 2727 443 2790; x_wconf 86' lang='lat' dir='ltr'>Charites</span> <span class='ocrx_word' id='word_1_171' title='bbox 459 2741 518 2789; x_wconf 74' lang='lat' dir='ltr'>tres</span> <span class='ocrx_word' id='word_1_172' title='bbox 533 2726 665 2788; x_wconf 78' lang='lat' dir='ltr'>novitate</span> <span class='ocrx_word' id='word_1_173' title='bbox 681 2728 724 2790; x_wconf 88' lang='lat' dir='ltr'>rei</span> 
     </span>
    </p>

    <p class='ocr_par' dir='ltr' id='par_1_18' title="bbox 117 2811 1063 2988">
     <span class='ocr_line' id='line_1_28' title="bbox 117 2811 1063 2906; baseline 0.004 -26"><span class='ocrx_word' id='word_1_174' title='bbox 117 2818 264 2880; x_wconf 75' lang='lat' dir='ltr'>Vidimus.</span> <span class='ocrx_word' id='word_1_175' title='bbox 309 2817 348 2878; x_wconf 86' lang='lat' dir='ltr'>Et</span> <span class='ocrx_word' id='word_1_176' title='bbox 362 2815 437 2898; x_wconf 92' lang='lat' dir='ltr'>quid</span> <span class='ocrx_word' id='word_1_177' title='bbox 452 2815 529 2876; x_wconf 88' lang='lat' dir='ltr'>enim</span> <span class='ocrx_word' id='word_1_178' title='bbox 543 2811 584 2875; x_wconf 87' lang='lat' dir='ltr'>esi</span> <span class='ocrx_word' id='word_1_179' title='bbox 597 2811 694 2903; x_wconf 85' lang='lat' dir='ltr'>oculis</span> <span class='ocrx_word' id='word_1_180' title='bbox 709 2814 811 2900; x_wconf 81' lang='lat' dir='ltr'>(rogo)</span> <span class='ocrx_word' id='word_1_181' title='bbox 825 2817 956 2885; x_wconf 76' lang='lat' dir='ltr'>certius?</span> <span class='ocrx_word' id='word_1_182' title='bbox 980 2821 1063 2906; x_wconf 81' lang='lat' dir='ltr'>Ergo</span> 
     </span>
     <span class='ocr_line' id='line_1_29' title="bbox 158 2897 914 2988; baseline 0 -19"><span class='ocrx_word' id='word_1_183' title='bbox 158 2904 298 2988; x_wconf 84' lang='lat' dir='ltr'>Accipiat</span> <span class='ocrx_word' id='word_1_184' title='bbox 315 2904 437 2988; x_wconf 85' lang='lat' dir='ltr'>plenam</span> <span class='ocrx_word' id='word_1_185' title='bbox 451 2901 555 2966; x_wconf 80' lang='lat' dir='ltr'>sabula</span> <span class='ocrx_word' id='word_1_186' title='bbox 568 2897 661 2985; x_wconf 76' lang='lat' dir='ltr'>prisca</span> <span class='ocrx_word' id='word_1_187' title='bbox 680 2901 783 2968; x_wconf 82' lang='lat' dir='ltr'>fidem.</span> <span class='ocrx_word' id='word_1_188' title='bbox 912 2935 914 2940; x_wconf 96' lang='lat'>·</span> 
     </span>
    </p>
   </div>
   <div class='ocr_carea' id='block_1_16' title="bbox 333 3012 859 3102">
    <p class='ocr_par' dir='ltr' id='par_1_19' title="bbox 333 3012 859 3102">
     <span class='ocr_line' id='line_1_30' title="bbox 333 3012 859 3102; baseline 0.006 -24"><span class='ocrx_word' id='word_1_189' title='bbox 333 3013 384 3078; x_wconf 85' lang='lat' dir='ltr'>Ad</span> <span class='ocrx_word' id='word_1_190' title='bbox 396 3012 530 3100; x_wconf 78' lang='lat' dir='ltr'>Sereniff:</span> <span class='ocrx_word' id='word_1_191' title='bbox 547 3016 688 3089; x_wconf 82' lang='lat' dir='ltr'>Mariam,</span> <span class='ocrx_word' id='word_1_192' title='bbox 712 3018 788 3102; x_wconf 71' lang='lat' dir='ltr'>Rege</span> <span class='ocrx_word' id='word_1_193' title='bbox 803 3017 836 3080; x_wconf 84' lang='lat' dir='ltr'>F.</span> <span class='ocrx_word' id='word_1_194' title='bbox 856 3083 859 3092; x_wconf 82' lang='grc'>,</span> 
     </span>
    </p>
   </div>
   <div class='ocr_carea' id='block_1_17' title="bbox 115 3122 845 3456">
    <p class='ocr_par' dir='ltr' id='par_1_20' title="bbox 191 3122 721 3208">
     <span class='ocr_line' id='line_1_31' title="bbox 191 3122 721 3208; baseline -0.002 -22"><span class='ocrx_word' id='word_1_195' title='bbox 191 3127 306 3187; x_wconf 81' lang='lat' dir='ltr'>Larum</span> <span class='ocrx_word' id='word_1_196' title='bbox 319 3125 460 3208; x_wconf 80' lang='lat' dir='ltr'>virgineae</span> <span class='ocrx_word' id='word_1_197' title='bbox 473 3123 564 3184; x_wconf 80' lang='lat' dir='ltr'>decus</span> <span class='ocrx_word' id='word_1_198' title='bbox 579 3122 721 3186; x_wconf 87' lang='lat' dir='ltr'>cohortis·</span> 
     </span>
    </p>

    <p class='ocr_par' dir='ltr' id='par_1_21' title="bbox 115 3209 845 3456">
     <span class='ocr_line' id='line_1_32' title="bbox 210 3209 845 3298; baseline -0.002 -22"><span class='ocrx_word' id='word_1_199' title='bbox 210 3216 291 3298; x_wconf 81' lang='lat' dir='ltr'>Qae</span> <span class='ocrx_word' id='word_1_200' title='bbox 305 3214 401 3276; x_wconf 87' lang='lat' dir='ltr'>nubes</span> <span class='ocrx_word' id='word_1_201' title='bbox 416 3213 517 3296; x_wconf 84' lang='lat' dir='ltr'>patriae</span> <span class='ocrx_word' id='word_1_202' title='bbox 535 3209 728 3275; x_wconf 87' lang='lat' dir='ltr'>tenebricosas</span> <span class='ocrx_word' id='word_1_203' title='bbox 842 3220 845 3231; x_wconf 87' lang='grc'><em>“</em></span> 
     </span>
     <span class='ocr_line' id='line_1_33' title="bbox 115 3294 592 3365; baseline -0.013 0"><span class='ocrx_word' id='word_1_204' title='bbox 115 3301 244 3365; x_wconf 84' lang='lat' dir='ltr'>Virtutis</span> <span class='ocrx_word' id='word_1_205' title='bbox 258 3298 372 3364; x_wconf 86' lang='lat' dir='ltr'>facibus</span> <span class='ocrx_word' id='word_1_206' title='bbox 386 3317 446 3362; x_wconf 82' lang='lat' dir='ltr'>tuae</span> <span class='ocrx_word' id='word_1_207' title='bbox 461 3294 592 3362; x_wconf 85' lang='lat' dir='ltr'>serenas:</span> 
     </span>
     <span class='ocr_line' id='line_1_34' title="bbox 115 3386 764 3456; baseline -0.003 -4"><span class='ocrx_word' id='word_1_208' title='bbox 115 3392 163 3452; x_wconf 88' lang='lat' dir='ltr'>En</span> <span class='ocrx_word' id='word_1_209' title='bbox 177 3388 273 3452; x_wconf 76' lang='lat' dir='ltr'>resins</span> <span class='ocrx_word' id='word_1_210' title='bbox 289 3390 406 3453; x_wconf 78' lang='lat' dir='ltr'>Senecae</span> <span class='ocrx_word' id='word_1_211' title='bbox 420 3389 525 3451; x_wconf 88' lang='lat' dir='ltr'>nitenti</span> <span class='ocrx_word' id='word_1_212' title='bbox 539 3388 570 3450; x_wconf 93' lang='lat' dir='ltr'>in</span> <span class='ocrx_word' id='word_1_213' title='bbox 584 3386 675 3450; x_wconf 87' lang='lat' dir='ltr'>horto</span> <span class='ocrx_word' id='word_1_214' title='bbox 759 3447 764 3456; x_wconf 82' lang='grc'><strong>,</strong></span> 
     </span>
    </p>
   </div>
   <div class='ocr_carea' id='block_1_18' title="bbox 25 3472 810 3895">
    <p class='ocr_par' dir='ltr' id='par_1_22' title="bbox 25 3472 559 3561">
     <span class='ocr_line' id='line_1_35' title="bbox 25 3472 559 3561; baseline -0.009 -20"><span class='ocrx_word' id='word_1_215' title='bbox 25 3518 26 3561; x_wconf 59' lang='lat' dir='ltr'>t</span> <span class='ocrx_word' id='word_1_216' title='bbox 116 3480 217 3540; x_wconf 89' lang='lat' dir='ltr'>Flores</span> <span class='ocrx_word' id='word_1_217' title='bbox 232 3476 387 3540; x_wconf 87' lang='lat' dir='ltr'>attulimus</span> <span class='ocrx_word' id='word_1_218' title='bbox 402 3472 559 3551; x_wconf 81' lang='lat' dir='ltr'>suiiviores,</span> 
     </span>
    </p>

    <p class='ocr_par' dir='ltr' id='par_1_23' title="bbox 25 3560 709 3651">
     <span class='ocr_line' id='line_1_36' title="bbox 25 3560 709 3651; baseline 0.001 -24"><span class='ocrx_word' id='word_1_219' title='bbox 25 3564 26 3613; x_wconf 64' lang='grc' dir='ltr'><strong>ἶ</strong></span> <span class='ocrx_word' id='word_1_220' title='bbox 115 3571 215 3651; x_wconf 82' lang='lat' dir='ltr'>Qram</span> <span class='ocrx_word' id='word_1_221' title='bbox 233 3584 310 3648; x_wconf 88' lang='lat' dir='ltr'>quos</span> <span class='ocrx_word' id='word_1_222' title='bbox 325 3562 467 3648; x_wconf 86' lang='lat' dir='ltr'>purpurei</span> <span class='ocrx_word' id='word_1_223' title='bbox 486 3560 709 3629; x_wconf 80' lang='lat' dir='ltr'>seruntroseta·</span> 
     </span>
    </p>

    <p class='ocr_par' dir='ltr' id='par_1_24' title="bbox 25 3651 810 3825">
     <span class='ocr_line' id='line_1_37' title="bbox 25 3651 810 3735; baseline -0.004 -16"><span class='ocrx_word' id='word_1_224' title='bbox 25 3700 26 3727; x_wconf 47' lang='lat' dir='ltr'>t</span> <span class='ocrx_word' id='word_1_225' title='bbox 116 3653 201 3718; x_wconf 88' lang='lat' dir='ltr'>Pesti.</span> <span class='ocrx_word' id='word_1_226' title='bbox 246 3655 328 3714; x_wconf 86' lang='lat' dir='ltr'>Nam</span> <span class='ocrx_word' id='word_1_227' title='bbox 341 3651 373 3714; x_wconf 90' lang='lat' dir='ltr'>hi</span> <span class='ocrx_word' id='word_1_228' title='bbox 387 3651 517 3735; x_wconf 85' lang='lat' dir='ltr'>perituro</span> <span class='ocrx_word' id='word_1_229' title='bbox 529 3651 623 3715; x_wconf 86' lang='lat' dir='ltr'>odore</span> <span class='ocrx_word' id='word_1_230' title='bbox 637 3673 746 3735; x_wconf 78' lang='lat' dir='ltr'>peuces</span> <span class='ocrx_word' id='word_1_231' title='bbox 804 3702 810 3716; x_wconf 91' lang='grc'><em>,</em></span> 
     </span>
     <span class='ocr_line' id='line_1_38' title="bbox 25 3734 660 3825; baseline -0.003 -20"><span class='ocrx_word' id='word_1_232' title='bbox 25 3734 26 3825; x_wconf 41' lang='lat' dir='ltr'>f</span> <span class='ocrx_word' id='word_1_233' title='bbox 115 3741 183 3805; x_wconf 87' lang='lat' dir='ltr'>Post</span> <span class='ocrx_word' id='word_1_234' title='bbox 195 3741 284 3804; x_wconf 86' lang='lat' dir='ltr'>horas</span> <span class='ocrx_word' id='word_1_235' title='bbox 298 3737 410 3802; x_wconf 85' lang='lat' dir='ltr'>bifores</span> <span class='ocrx_word' id='word_1_236' title='bbox 419 3737 520 3802; x_wconf 82' lang='lat' dir='ltr'>fovent</span> <span class='ocrx_word' id='word_1_237' title='bbox 532 3739 660 3804; x_wconf 80' lang='lat' dir='ltr'>latebras</span> 
     </span>
    </p>

    <p class='ocr_par' dir='ltr' id='par_1_25' title="bbox 25 3823 767 3895">
     <span class='ocr_line' id='line_1_39' title="bbox 25 3823 767 3895; baseline -0.003 -3"><span class='ocrx_word' id='word_1_238' title='bbox 25 3836 26 3841; x_wconf 76' lang='grc'>’</span> <span class='ocrx_word' id='word_1_239' title='bbox 115 3829 196 3893; x_wconf 86' lang='lat' dir='ltr'>Nafi.</span> <span class='ocrx_word' id='word_1_240' title='bbox 242 3827 403 3891; x_wconf 86' lang='lat' dir='ltr'>siliautem</span> <span class='ocrx_word' id='word_1_241' title='bbox 425 3827 515 3890; x_wconf 86' lang='lat' dir='ltr'>animi</span> <span class='ocrx_word' id='word_1_242' title='bbox 530 3823 624 3895; x_wconf 79' lang='lat' dir='ltr'>sacros</span> <span class='ocrx_word' id='word_1_243' title='bbox 638 3827 767 3892; x_wconf 79' lang='lat' dir='ltr'>recessus</span> 
     </span>
    </p>
   </div>
   <div class='ocr_carea' id='block_1_19' title="bbox 25 4289 706 4391">
    <p class='ocr_par' dir='ltr' id='par_1_26' title="bbox 25 4289 706 4391">
     <span class='ocr_line' id='line_1_40' title="bbox 25 4289 706 4391; baseline -0.003 -33"><span class='ocrx_word' id='word_1_244' title='bbox 25 4376 26 4391; x_wconf 11' lang='grc' dir='ltr'>χ</span> <span class='ocrx_word' id='word_1_245' title='bbox 113 4294 144 4358; x_wconf 81' lang='lat' dir='ltr'>Si</span> <span class='ocrx_word' id='word_1_246' title='bbox 160 4295 325 4379; x_wconf 84' lang='lat' dir='ltr'>quicquam</span> <span class='ocrx_word' id='word_1_247' title='bbox 339 4295 479 4360; x_wconf 85' lang='lat' dir='ltr'>acciderit</span> <span class='ocrx_word' id='word_1_248' title='bbox 500 4289 573 4358; x_wconf 80' lang='lat' dir='ltr'>mihi</span> <span class='ocrx_word' id='word_1_249' title='bbox 594 4293 706 4378; x_wconf 85' lang='lat' dir='ltr'>petenti</span> 
     </span>
    </p>
   </div>
   <div class='ocr_carea' id='block_1_20' title="bbox 115 3914 767 4004">
    <p class='ocr_par' dir='ltr' id='par_1_27' title="bbox 115 3914 767 4004">
     <span class='ocr_line' id='line_1_41' title="bbox 115 3914 767 4004; baseline 0.002 -25"><span class='ocrx_word' id='word_1_250' title='bbox 115 3921 215 4004; x_wconf 80' lang='lat' dir='ltr'>Qam</span> <span class='ocrx_word' id='word_1_251' title='bbox 229 3915 355 4000; x_wconf 86' lang='lat' dir='ltr'>longum</span> <span class='ocrx_word' id='word_1_252' title='bbox 375 3914 534 3979; x_wconf 87' lang='lat' dir='ltr'>Ambrosro</span> <span class='ocrx_word' id='word_1_253' title='bbox 548 3914 650 3980; x_wconf 88' lang='lat' dir='ltr'>sorent</span> <span class='ocrx_word' id='word_1_254' title='bbox 662 3917 767 3980; x_wconf 85' lang='lat' dir='ltr'>odore.</span> 
     </span>
    </p>
   </div>
   <div class='ocr_carea' id='block_1_21' title="bbox 152 4027 811 4278">
    <p class='ocr_par' dir='ltr' id='par_1_28' title="bbox 152 4027 811 4278">
     <span class='ocr_line' id='line_1_42' title="bbox 373 4027 756 4110; baseline 0.005 -18"><span class='ocrx_word' id='word_1_255' title='bbox 373 4027 424 4092; x_wconf 86' lang='lat' dir='ltr'>Ad</span> <span class='ocrx_word' id='word_1_256' title='bbox 436 4029 587 4092; x_wconf 75' lang='lat' dir='ltr'>Merinum</span> <span class='ocrx_word' id='word_1_257' title='bbox 597 4029 756 4110; x_wconf 58' lang='lat' dir='ltr'>uirorum.</span> 
     </span>
     <span class='ocr_line' id='line_1_43' title="bbox 152 4114 790 4188; baseline 0.005 -10"><span class='ocrx_word' id='word_1_258' title='bbox 152 4118 245 4178; x_wconf 75' lang='lat' dir='ltr'>Ratae</span> <span class='ocrx_word' id='word_1_259' title='bbox 258 4117 384 4181; x_wconf 89' lang='lat' dir='ltr'>habeam</span> <span class='ocrx_word' id='word_1_260' title='bbox 397 4137 504 4180; x_wconf 88' lang='lat' dir='ltr'>novem</span> <span class='ocrx_word' id='word_1_261' title='bbox 518 4114 630 4180; x_wconf 89' lang='lat' dir='ltr'>sorores</span> <span class='ocrx_word' id='word_1_262' title='bbox 751 4180 753 4188; x_wconf 76' lang='grc'>,</span> <span class='ocrx_word' id='word_1_263' title='bbox 786 4149 790 4158; x_wconf 79' lang='lat'><em>,</em></span> 
     </span>
     <span class='ocr_line' id='line_1_44' title="bbox 175 4204 811 4278; baseline 0.002 -11"><span class='ocrx_word' id='word_1_264' title='bbox 175 4208 256 4267; x_wconf 90' lang='lat' dir='ltr'>Cum</span> <span class='ocrx_word' id='word_1_265' title='bbox 272 4221 337 4269; x_wconf 91' lang='lat' dir='ltr'>toto</span> <span class='ocrx_word' id='word_1_266' title='bbox 351 4205 443 4268; x_wconf 78' lang='lat' dir='ltr'>Clarii</span> <span class='ocrx_word' id='word_1_267' title='bbox 459 4204 552 4268; x_wconf 89' lang='lat' dir='ltr'>choro</span> <span class='ocrx_word' id='word_1_268' title='bbox 565 4221 698 4278; x_wconf 84' lang='lat' dir='ltr'>canente,</span> <span class='ocrx_word' id='word_1_269' title='bbox 765 4240 770 4247; x_wconf 82' lang='lat'><em>,</em></span> <span class='ocrx_word' id='word_1_270' title='bbox 807 4268 811 4277; x_wconf 83' lang='grc'><em>,</em></span> 
     </span>
    </p>
   </div>
   <div class='ocr_carea' id='block_1_22' title="bbox 868 4355 1093 4446">
    <p class='ocr_par' dir='ltr' id='par_1_29' title="bbox 868 4355 1093 4446">
     <span class='ocr_line' id='line_1_45' title="bbox 868 4355 1093 4446; baseline 0.018 -4"><span class='ocrx_word' id='word_1_271' title='bbox 868 4355 884 4416; x_wconf 82' lang='lat'>.&#39;</span> <span class='ocrx_word' id='word_1_272' title='bbox 963 4367 1093 4446; x_wconf 81' lang='lat' dir='ltr'>Gratum</span> 
     </span>
    </p>
   </div>
   <div class='ocr_carea' id='block_1_23' title="bbox 1206 234 1268 297">
    <p class='ocr_par' dir='ltr' id='par_1_30' title="bbox 1206 234 1268 297">
     <span class='ocr_line' id='line_1_46' title="bbox 1206 234 1268 297; baseline 0.048 -18"><span class='ocrx_word' id='word_1_273' title='bbox 1206 234 1268 297; x_wconf 72' lang='lat' dir='ltr'>asp</span> 
     </span>
    </p>
   </div>
   <div class='ocr_carea' id='block_1_24' title="bbox 0 0 1476 4884">
    <p class='ocr_par' dir='ltr' id='par_1_31' title="bbox 0 0 1476 4884">
     <span class='ocr_line' id='line_1_47' title="bbox 0 0 1476 4884; baseline 0 1"><span class='ocrx_word' id='word_1_274' title='bbox 0 0 1476 4884; x_wconf 95' lang='lat' dir='ltr'> </span> 
     </span>
    </p>
   </div>
  </div>
 </body>
</html>
