2942 4884
295 237 302 250 ¹
421 205 757 286 DEDICA:

75 370 148 444 elim
164 363 274 464 fuisse,
301 359 453 458 cognose,
480 377 571 460 atque
588 361 663 433 adeo
680 366 714 434 in
735 367 843 458 precio
851 361 968 460 stetisse
983 389 1094 460 magno

75 470 257 544 ursarium.
311 464 476 549 Mindon,
504 463 564 548 nist
576 463 699 554 palam,
728 463 855 560 liquide,
878 465 921 546 θ’.
934 467 1094 560 manifeste

76 571 205 658 tolletur
221 571 330 660 ingens
354 562 504 635 nobilium
526 565 597 653 suis
615 567 807 660 temporibus
827 566 1021 661 scriptorum
1036 589 1093 636 nu·

76 691 181 741 merus
213 668 349 738 Arturii
378 665 544 758 originem,
578 667 694 748 vitam,
735 689 785 737 res
814 665 904 758 longe
926 665 1095 760 sortiffime

72 769 188 863 goslas,
219 779 365 849 mortem,
386 764 603 858 sepulchrum,
630 765 757 860 denique
788 770 1000 836 inventionem
1029 769 1097 862 ejus

78 869 297 962 reliquiorum,
337 886 501 958 unamque,
528 861 569 935 ὅ
598 867 748 948 alteram,
775 890 811 934 ac
836 869 931 935 etitem
965 871 1098 936 tertiam

78 966 248 1040 earundem
295 962 435 1054 lotc'ffime
461 963 620 1059 famosam
650 965 894 1054 translationem.
947 964 1100 1060 Quorum

79 1094 147 1164 quae
165 1065 279 1137 ultima
298 1066 382 1159 fuit,
410 1079 564 1158 regnante
596 1065 792 1137 Eedueordo
819 1069 941 1160 Longo,
968 1067 1100 1160 Angliae

80 1191 167 1262 rege,
186 1168 311 1236 viliore
318 1163 582 1255 fortunatcffimo,
601 1165 698 1256 solta
716 1167 765 1255 esl.
801 1165 876 1260 Quo
892 1182 1030 1257 tempore
1037 1165 1101 1256 sli-

77 1283 180 1359 potus
217 1289 330 1358 magno
369 1263 519 1336 nobilium
556 1281 692 1338 caterva
724 1269 851 1360 presens
881 1268 1015 1338 Arturii
1041 1263 1102 1360 oso

78 1369 269 1461 presentia,
294 1366 431 1453 reserato
441 1364 625 1458 sepulchro,
652 1366 827 1436 Avalonie
849 1365 947 1450 vidit,
973 1362 1015 1436 it?
1033 1387 1103 1434 cou-
1166 1360 1174 1372 '

68 1469 253 1547 tentavit,
281 1477 315 1534 ut
328 1486 364 1534 coe
381 1465 449 1559 ejus
467 1465 648 1556 diplomate,
674 1470 728 1538 cui
738 1467 956 1559 syngraphum
971 1464 1100 1554 adfixit,

85 1567 241 1638 luculente
256 1579 404 1658 apparet.
456 1563 583 1659 Quare,
611 1580 648 1636 ut
675 1565 759 1636 orbis
787 1567 954 1662 universus
972 1565 1102 1657 posthoc

85 1665 248 1761 intelligat
269 1682 401 1760 quante,
427 1665 468 1738 ὅ
485 1689 579 1760 quom
600 1666 761 1758 preclara
778 1669 909 1738 Artorii
917 1667 1013 1762 fama
1030 1665 1105 1735 olion

79 1769 203 1862 fuerit,
231 1787 292 1835 non
306 1763 478 1856 gravabor
495 1766 550 1836 vel
566 1767 745 1861 universam
763 1769 829 1859 ejus
846 1772 952 1837 vitam
970 1763 1011 1838 (ὅ
1028 1767 1107 1860 quid

87 1884 212 1939 veteres
235 1865 277 1936 de
305 1888 338 1936 eo
354 1865 513 1958 senserint
539 1882 680 1947 autores,
705 1865 808 1938 lucido
836 1867 975 1961 quodamx
994 1866 1106 1938 ordine

86 1964 293 2064 perscribere.
345 1965 397 2035 Sic
413 1969 494 2037 euim
514 1967 608 2037 lucem
626 1965 777 2060 obscuris,
804 1967 993 2062 antiquitati
1009 1968 1106 2061 sunm

89 2067 191 2153 decus,
221 2063 453 2137 vacillantibus
476 2085 546 2158 pra
564 2066 747 2158 ignorantia
760 2067 884 2158 justum
898 2065 1008 2157 robur,
1036 2089 1130 2135 cer--

50 2179 52 2184 '
93 2167 260 2239 titudinem
279 2164 508 2253 controverſsu,
534 2169 672 2236 veritati
683 2165 832 2258 postremo
840 2164 1036 2260 saffiagium
1052 2165 1107 2238 de·

92 2266 163 2364 dise
180 2264 320 2336 videbor.
372 2265 435 2348 Tu,
463 2265 617 2362 Princeps
640 2269 788 2350 maxime,
814 2271 976 2360 viliorque
983 2265 1109 2362 salices·

15 2369 17 2432 l
84 2368 172 2456 fine,
199 2389 283 2436 novo
300 2364 417 2449 libello,
444 2367 510 2437 tuis
528 2367 680 2438 alacriter
695 2368 730 2436 in
747 2366 843 2437 lucem
855 2366 1030 2460 prodeunti
1046 2391 1108 2438 ou·

17 2541 18 2545 ,
88 2467 210 2561 spinis,
228 2455 317 2558 save
333 2469 444 2559 queso,
470 2487 525 2561 quo
541 2490 665 2556 munere
689 2490 748 2536 non
763 2467 860 2539 ruodo-
867 2469 1033 2561 presentis
1046 2467 1109 2556 so·

18 2557 20 2639 l
98 2591 177 2638 mom
195 2565 348 2662 opusculi,
372 2589 436 2637 uuo
463 2591 534 2638 cum
555 2564 703 2663 succiso,
728 2567 939 2660 promovebis,
969 2568 1108 2659 augebis,

20 2673 22 2690 “
98 2666 237 2750 ornabis,
262 2690 375 2737 verum
400 2669 493 2738 etiam
510 2664 659 2756 letissimo
692 2667 771 2736 mibi
796 2666 949 2761 igniculos
979 2665 1025 2736 od
1040 2669 1110 2738 alia

22 2771 23 2780 ’
99 2789 207 2862 quoque
222 2789 283 2837 non
299 2765 457 2860 inferiora
476 2767 651 2864 propediem
671 2765 788 2838 edenda
804 2766 969 2838 excitabis.
1020 2765 1109 2836 Nam

24 2865 28 2967 ’ἱ
101 2867 138 2940 td
165 2868 290 2962 Cygnus
315 2890 411 2947 meus,
438 2880 568 2937 tuorum
596 2867 789 2957 encomiastes
805 2871 982 2947 virtutum,
1010 2863 1055 2936 od
1078 2879 1112 2935 to
1208 2900 1211 2907 ·

27 2969 29 3048 ξ
101 2967 265 3040 convolare
304 2964 434 3056 mirifice
465 2969 567 3060 eupit.
634 2965 715 3038 Vale
755 2988 865 3063 rogum
894 2978 1110 3039 ornamentum

102 3089 231 3138 unicum.
892 3098 896 3112 ·
1125 3078 1130 3090 '
