<?xml version="1.0" encoding="UTF-8"?>
<!DOCTYPE html PUBLIC "-//W3C//DTD XHTML 1.0 Transitional//EN"
    "http://www.w3.org/TR/xhtml1/DTD/xhtml1-transitional.dtd">
<html xmlns="http://www.w3.org/1999/xhtml" xml:lang="en" lang="en">
 <head>
  <title>
</title>
<meta http-equiv="Content-Type" content="text/html;charset=utf-8" />
  <meta name='ocr-system' content='tesseract 3.04.00' />
  <meta name='ocr-capabilities' content='ocr_page ocr_carea ocr_par ocr_line ocrx_word'/>
</head>
<body>
  <div class='ocr_page' id='page_1' title='image "./joannislelandia15lelagoog_0046.png"; bbox 0 0 2942 4884; ppageno 0'>
   <div class='ocr_carea' id='block_1_1' title="bbox 183 219 1231 316">
    <p class='ocr_par' dir='ltr' id='par_1_1' title="bbox 183 219 1231 316">
     <span class='ocr_line' id='line_1_1' title="bbox 183 219 1231 316; baseline -0.009 -10"><span class='ocrx_word' id='word_1_1' title='bbox 183 301 185 306; x_wconf 85' lang='lat'><em>.</em></span> <span class='ocrx_word' id='word_1_2' title='bbox 269 237 314 316; x_wconf 72' lang='grc' dir='ltr'>’4ο</span> <span class='ocrx_word' id='word_1_3' title='bbox 545 229 577 312; x_wconf 83' lang='lat' dir='ltr'>J.</span> <span class='ocrx_word' id='word_1_4' title='bbox 614 229 858 301; x_wconf 70' lang='lat' dir='ltr'>cuatuor</span> <span class='ocrx_word' id='word_1_5' title='bbox 893 219 1231 316; x_wconf 64' lang='lat' dir='ltr'>nurtounnrr</span> 
     </span>
    </p>
   </div>
   <div class='ocr_carea' id='block_1_2' title="bbox 216 359 1465 4482">
    <p class='ocr_par' dir='ltr' id='par_1_2' title="bbox 223 359 1413 2728">
     <span class='ocr_line' id='line_1_2' title="bbox 378 359 1413 450; baseline 0.004 -18"><span class='ocrx_word' id='word_1_6' title='bbox 378 361 510 449; x_wconf 86' lang='lat' dir='ltr'>:quidem</span> <span class='ocrx_word' id='word_1_7' title='bbox 524 359 593 432; x_wconf 84' lang='lat' dir='ltr'>satis</span> <span class='ocrx_word' id='word_1_8' title='bbox 604 379 711 448; x_wconf 81' lang='lat' dir='ltr'>aperta</span> <span class='ocrx_word' id='word_1_9' title='bbox 725 363 779 430; x_wconf 86' lang='lat' dir='ltr'>est.</span> <span class='ocrx_word' id='word_1_10' title='bbox 811 369 893 431; x_wconf 83' lang='lat' dir='ltr'>Nam</span> <span class='ocrx_word' id='word_1_11' title='bbox 906 365 993 450; x_wconf 90' lang='lat' dir='ltr'>quod</span> <span class='ocrx_word' id='word_1_12' title='bbox 1005 364 1046 428; x_wconf 89' lang='lat' dir='ltr'>ab</span> <span class='ocrx_word' id='word_1_13' title='bbox 1058 365 1122 430; x_wconf 83' lang='lat' dir='ltr'>aliis</span> <span class='ocrx_word' id='word_1_14' title='bbox 1135 365 1212 430; x_wconf 87' lang='lat' dir='ltr'>bona</span> <span class='ocrx_word' id='word_1_15' title='bbox 1222 364 1284 429; x_wconf 86' lang='lat' dir='ltr'>fide</span> <span class='ocrx_word' id='word_1_16' title='bbox 1292 366 1413 446; x_wconf 81' lang='lat' dir='ltr'>didicit,</span> 
     </span>
     <span class='ocr_line' id='line_1_3' title="bbox 375 451 1411 538; baseline 0.003 -19"><span class='ocrx_word' id='word_1_17' title='bbox 375 451 493 520; x_wconf 75' lang='lat' dir='ltr'>‚eadem</span> <span class='ocrx_word' id='word_1_18' title='bbox 503 469 607 536; x_wconf 78' lang='lat' dir='ltr'>gratus</span> <span class='ocrx_word' id='word_1_19' title='bbox 622 451 788 538; x_wconf 84' lang='lat' dir='ltr'>posteritati</span> <span class='ocrx_word' id='word_1_20' title='bbox 808 453 942 527; x_wconf 81' lang='lat' dir='ltr'>tradidit,</span> <span class='ocrx_word' id='word_1_21' title='bbox 964 455 996 516; x_wconf 91' lang='lat' dir='ltr'>id</span> <span class='ocrx_word' id='word_1_22' title='bbox 1011 453 1096 538; x_wconf 88' lang='lat' dir='ltr'>quod</span> <span class='ocrx_word' id='word_1_23' title='bbox 1110 453 1195 535; x_wconf 86' lang='lat' dir='ltr'>plane</span> <span class='ocrx_word' id='word_1_24' title='bbox 1207 452 1318 519; x_wconf 71' lang='lat' dir='ltr'>fecisset</span> <span class='ocrx_word' id='word_1_25' title='bbox 1332 477 1411 522; x_wconf 89' lang='lat' dir='ltr'>nnn·</span> 
     </span>
     <span class='ocr_line' id='line_1_4' title="bbox 385 539 1413 628; baseline 0.004 -24"><span class='ocrx_word' id='word_1_26' title='bbox 385 553 492 624; x_wconf 81' lang='lat' dir='ltr'>quam,</span> <span class='ocrx_word' id='word_1_27' title='bbox 515 540 537 604; x_wconf 87' lang='lat' dir='ltr'>st</span> <span class='ocrx_word' id='word_1_28' title='bbox 556 540 593 604; x_wconf 94' lang='lat' dir='ltr'>de</span> <span class='ocrx_word' id='word_1_29' title='bbox 612 539 717 608; x_wconf 79' lang='lat' dir='ltr'>caussae</span> <span class='ocrx_word' id='word_1_30' title='bbox 729 541 854 607; x_wconf 82' lang='lat' dir='ltr'>veritate</span> <span class='ocrx_word' id='word_1_31' title='bbox 865 540 1034 606; x_wconf 86' lang='lat' dir='ltr'>dubitasset.</span> <span class='ocrx_word' id='word_1_32' title='bbox 1077 544 1161 628; x_wconf 81' lang='lat' dir='ltr'>Qin</span> <span class='ocrx_word' id='word_1_33' title='bbox 1186 540 1308 626; x_wconf 63' lang='lat' dir='ltr'>presens</span> <span class='ocrx_word' id='word_1_34' title='bbox 1328 565 1413 608; x_wconf 88' lang='lat' dir='ltr'>nunc</span> 
     </span>
     <span class='ocr_line' id='line_1_5' title="bbox 378 623 1412 716; baseline 0.002 -24"><span class='ocrx_word' id='word_1_35' title='bbox 378 627 528 712; x_wconf 75' lang='lat' dir='ltr'>,loquatur</span> <span class='ocrx_word' id='word_1_36' title='bbox 540 623 610 713; x_wconf 90' lang='lat' dir='ltr'>ipse.</span> <span class='ocrx_word' id='word_1_37' title='bbox 658 635 678 664; x_wconf 85' lang='lat'>‘¹</span> <span class='ocrx_word' id='word_1_38' title='bbox 693 629 757 716; x_wconf 79' lang='lat' dir='ltr'>Qi</span> <span class='ocrx_word' id='word_1_39' title='bbox 770 631 903 694; x_wconf 88' lang='lat' dir='ltr'>Arturus</span> <span class='ocrx_word' id='word_1_40' title='bbox 918 628 1011 692; x_wconf 82' lang='lat' dir='ltr'>multa</span> <span class='ocrx_word' id='word_1_41' title='bbox 1027 630 1175 710; x_wconf 80' lang='lat' dir='ltr'>probitate</span> <span class='ocrx_word' id='word_1_42' title='bbox 1189 650 1319 710; x_wconf 84' lang='lat' dir='ltr'>motum,</span> <span class='ocrx_word' id='word_1_43' title='bbox 1337 651 1412 713; x_wconf 87' lang='lat' dir='ltr'>pru·</span> 
     </span>
     <span class='ocr_line' id='line_1_6' title="bbox 386 713 1412 799; baseline 0 -17"><span class='ocrx_word' id='word_1_44' title='bbox 386 722 409 752; x_wconf 89' lang='lat'><strong>“</strong></span> <span class='ocrx_word' id='word_1_45' title='bbox 425 716 535 791; x_wconf 77' lang='lat' dir='ltr'>dentis,</span> <span class='ocrx_word' id='word_1_46' title='bbox 558 713 798 790; x_wconf 83' lang='lat' dir='ltr'>mansuetudine,</span> <span class='ocrx_word' id='word_1_47' title='bbox 812 715 900 782; x_wconf 85' lang='lat' dir='ltr'>stmnl</span> <span class='ocrx_word' id='word_1_48' title='bbox 911 717 941 780; x_wconf 85' lang='lat'>&amp;</span> <span class='ocrx_word' id='word_1_49' title='bbox 953 715 1141 782; x_wconf 80' lang='lat' dir='ltr'>humanitate</span> <span class='ocrx_word' id='word_1_50' title='bbox 1155 719 1282 799; x_wconf 89' lang='lat' dir='ltr'>pollens,</span> <span class='ocrx_word' id='word_1_51' title='bbox 1295 715 1324 782; x_wconf 90' lang='lat' dir='ltr'>se</span> <span class='ocrx_word' id='word_1_52' title='bbox 1335 739 1412 782; x_wconf 88' lang='lat' dir='ltr'>eun·</span> 
     </span>
     <span class='ocr_line' id='line_1_7' title="bbox 376 793 1412 886; baseline 0.002 -20"><span class='ocrx_word' id='word_1_53' title='bbox 376 793 409 874; x_wconf 41' lang='lat'>,4³</span> <span class='ocrx_word' id='word_1_54' title='bbox 422 802 478 866; x_wconf 74' lang='lat' dir='ltr'>slis</span> <span class='ocrx_word' id='word_1_55' title='bbox 492 803 650 868; x_wconf 81' lang='lat' dir='ltr'>amabilem</span> <span class='ocrx_word' id='word_1_56' title='bbox 665 803 927 886; x_wconf 82' lang='lat' dir='ltr'>venerandumque</span> <span class='ocrx_word' id='word_1_57' title='bbox 941 804 1057 870; x_wconf 67' lang='lat' dir='ltr'>curnis</span> <span class='ocrx_word' id='word_1_58' title='bbox 1070 805 1209 886; x_wconf 74' lang='lat' dir='ltr'>presiate</span> <span class='ocrx_word' id='word_1_59' title='bbox 1217 807 1299 870; x_wconf 90' lang='lat' dir='ltr'>omni</span> <span class='ocrx_word' id='word_1_60' title='bbox 1309 803 1412 870; x_wconf 84' lang='lat' dir='ltr'>lindie</span> 
     </span>
     <span class='ocr_line' id='line_1_8' title="bbox 223 890 1410 974; baseline 0.004 -21"><span class='ocrx_word' id='word_1_61' title='bbox 223 965 225 969; x_wconf 23' lang='grc' dir='ltr'>Ι</span> <span class='ocrx_word' id='word_1_62' title='bbox 384 897 407 928; x_wconf 88' lang='grc'><strong>“</strong></span> <span class='ocrx_word' id='word_1_63' title='bbox 421 891 563 958; x_wconf 85' lang='lat' dir='ltr'>curabat:</span> <span class='ocrx_word' id='word_1_64' title='bbox 585 893 656 974; x_wconf 92' lang='lat' dir='ltr'>quia</span> <span class='ocrx_word' id='word_1_65' title='bbox 667 911 741 956; x_wconf 84' lang='lat' dir='ltr'>enm</span> <span class='ocrx_word' id='word_1_66' title='bbox 751 894 863 960; x_wconf 83' lang='lat' dir='ltr'>virtute</span> <span class='ocrx_word' id='word_1_67' title='bbox 877 894 969 956; x_wconf 89' lang='lat' dir='ltr'>animi</span> <span class='ocrx_word' id='word_1_68' title='bbox 978 893 1066 957; x_wconf 85' lang='lat' dir='ltr'>etiam</span> <span class='ocrx_word' id='word_1_69' title='bbox 1082 893 1159 956; x_wconf 85' lang='lat' dir='ltr'>mira</span> <span class='ocrx_word' id='word_1_70' title='bbox 1172 890 1347 958; x_wconf 82' lang='lat' dir='ltr'>liberalitate</span> <span class='ocrx_word' id='word_1_71' title='bbox 1362 892 1410 958; x_wconf 86' lang='lat' dir='ltr'>as·</span> 
     </span>
     <span class='ocr_line' id='line_1_9' title="bbox 225 969 1413 1064; baseline 0.001 -22"><span class='ocrx_word' id='word_1_72' title='bbox 225 969 280 1022; x_wconf 62' lang='grc' dir='ltr'>ὀἱ</span> <span class='ocrx_word' id='word_1_73' title='bbox 292 987 366 1032; x_wconf 58' lang='grc' dir='ltr'>19·ῑὸ</span> <span class='ocrx_word' id='word_1_74' title='bbox 384 985 406 1017; x_wconf 86' lang='grc'><strong>“</strong></span> <span class='ocrx_word' id='word_1_75' title='bbox 420 979 531 1042; x_wconf 90' lang='lat' dir='ltr'>fluebat</span> <span class='ocrx_word' id='word_1_76' title='bbox 553 979 584 1041; x_wconf 92' lang='lat' dir='ltr'>in</span> <span class='ocrx_word' id='word_1_77' title='bbox 599 999 715 1055; x_wconf 88' lang='lat' dir='ltr'>omnes,</span> <span class='ocrx_word' id='word_1_78' title='bbox 736 981 912 1051; x_wconf 85' lang='lat' dir='ltr'>&amp;maxime</span> <span class='ocrx_word' id='word_1_79' title='bbox 936 981 967 1050; x_wconf 86' lang='lat' dir='ltr'>in</span> <span class='ocrx_word' id='word_1_80' title='bbox 989 977 1202 1058; x_wconf 75' lang='lat' dir='ltr'>ecclesiasticos,</span> <span class='ocrx_word' id='word_1_81' title='bbox 1229 982 1341 1064; x_wconf 82' lang='lat' dir='ltr'>quibus</span> <span class='ocrx_word' id='word_1_82' title='bbox 1355 1002 1413 1064; x_wconf 92' lang='lat' dir='ltr'>pro</span> 
     </span>
     <span class='ocr_line' id='line_1_10' title="bbox 248 1061 1410 1154; baseline 0.003 -25"><span class='ocrx_word' id='word_1_83' title='bbox 248 1061 250 1068; x_wconf 73' lang='grc'><em>’</em></span> <span class='ocrx_word' id='word_1_84' title='bbox 385 1073 407 1104; x_wconf 88' lang='grc'><strong>“</strong></span> <span class='ocrx_word' id='word_1_85' title='bbox 421 1064 531 1130; x_wconf 86' lang='lat' dir='ltr'>Christi</span> <span class='ocrx_word' id='word_1_86' title='bbox 546 1086 645 1130; x_wconf 91' lang='lat' dir='ltr'>amore</span> <span class='ocrx_word' id='word_1_87' title='bbox 657 1067 742 1150; x_wconf 86' lang='lat' dir='ltr'>plura</span> <span class='ocrx_word' id='word_1_88' title='bbox 751 1065 922 1130; x_wconf 86' lang='lat' dir='ltr'>conserebat</span> <span class='ocrx_word' id='word_1_89' title='bbox 935 1062 1124 1140; x_wconf 87' lang='lat' dir='ltr'>munuscula,</span> <span class='ocrx_word' id='word_1_90' title='bbox 1134 1067 1221 1130; x_wconf 76' lang='lat' dir='ltr'>simul</span> <span class='ocrx_word' id='word_1_91' title='bbox 1233 1069 1262 1131; x_wconf 71' lang='lat'>81</span> <span class='ocrx_word' id='word_1_92' title='bbox 1273 1069 1410 1154; x_wconf 85' lang='lat' dir='ltr'>donaria.</span> 
     </span>
     <span class='ocr_line' id='line_1_11' title="bbox 386 1151 1411 1234; baseline 0 -16"><span class='ocrx_word' id='word_1_93' title='bbox 386 1160 408 1194; x_wconf 81' lang='lat'>‘⁶</span> <span class='ocrx_word' id='word_1_94' title='bbox 423 1158 552 1218; x_wconf 77' lang='lat' dir='ltr'>Saxones</span> <span class='ocrx_word' id='word_1_95' title='bbox 567 1155 596 1216; x_wconf 77' lang='lat' dir='ltr'>dr</span> <span class='ocrx_word' id='word_1_96' title='bbox 611 1151 710 1218; x_wconf 78' lang='lat' dir='ltr'>Pidios</span> <span class='ocrx_word' id='word_1_97' title='bbox 724 1155 763 1218; x_wconf 93' lang='lat' dir='ltr'>de</span> <span class='ocrx_word' id='word_1_98' title='bbox 777 1153 927 1218; x_wconf 83' lang='lat' dir='ltr'>Britannia</span> <span class='ocrx_word' id='word_1_99' title='bbox 941 1154 1079 1234; x_wconf 78' lang='lat' dir='ltr'>expulit3</span> <span class='ocrx_word' id='word_1_100' title='bbox 1103 1158 1221 1218; x_wconf 87' lang='lat' dir='ltr'>Scottos</span> <span class='ocrx_word' id='word_1_101' title='bbox 1230 1155 1411 1221; x_wconf 84' lang='lat' dir='ltr'>Hibernicos</span> 
     </span>
     <span class='ocr_line' id='line_1_12' title="bbox 385 1237 1410 1328; baseline 0.001 -23"><span class='ocrx_word' id='word_1_102' title='bbox 385 1249 408 1280; x_wconf 87' lang='lat'><strong>“</strong></span> <span class='ocrx_word' id='word_1_103' title='bbox 423 1243 453 1305; x_wconf 74' lang='grc' dir='ltr'>ἃ</span> <span class='ocrx_word' id='word_1_104' title='bbox 467 1239 597 1328; x_wconf 75' lang='lat' dir='ltr'>Orcades</span> <span class='ocrx_word' id='word_1_105' title='bbox 607 1237 661 1306; x_wconf 91' lang='lat' dir='ltr'>suo</span> <span class='ocrx_word' id='word_1_106' title='bbox 672 1262 766 1326; x_wconf 90' lang='lat' dir='ltr'>regno</span> <span class='ocrx_word' id='word_1_107' title='bbox 779 1259 912 1323; x_wconf 89' lang='lat' dir='ltr'>potenter</span> <span class='ocrx_word' id='word_1_108' title='bbox 927 1237 1082 1320; x_wconf 87' lang='lat' dir='ltr'>subjecit.”</span> <span class='ocrx_word' id='word_1_109' title='bbox 1105 1243 1316 1306; x_wconf 86' lang='lat' dir='ltr'>Volaterranos</span> <span class='ocrx_word' id='word_1_110' title='bbox 1327 1244 1410 1308; x_wconf 90' lang='lat' dir='ltr'>libro</span> 
     </span>
     <span class='ocr_line' id='line_1_13' title="bbox 384 1327 1410 1414; baseline 0.001 -20"><span class='ocrx_word' id='word_1_111' title='bbox 384 1330 476 1394; x_wconf 87' lang='lat' dir='ltr'>tertio</span> <span class='ocrx_word' id='word_1_112' title='bbox 482 1329 680 1414; x_wconf 83' lang='lat' dir='ltr'>Geographiae</span> <span class='ocrx_word' id='word_1_113' title='bbox 689 1328 811 1414; x_wconf 89' lang='lat' dir='ltr'>assurgit</span> <span class='ocrx_word' id='word_1_114' title='bbox 819 1328 907 1394; x_wconf 78' lang='lat' dir='ltr'>sama</span> <span class='ocrx_word' id='word_1_115' title='bbox 916 1331 1042 1402; x_wconf 88' lang='lat' dir='ltr'>Artnrii,</span> <span class='ocrx_word' id='word_1_116' title='bbox 1055 1329 1156 1409; x_wconf 87' lang='lat' dir='ltr'>&amp;ejus</span> <span class='ocrx_word' id='word_1_117' title='bbox 1167 1327 1245 1413; x_wconf 74' lang='lat' dir='ltr'>fasta</span> <span class='ocrx_word' id='word_1_118' title='bbox 1258 1329 1349 1394; x_wconf 90' lang='lat' dir='ltr'>sortia</span> <span class='ocrx_word' id='word_1_119' title='bbox 1360 1351 1410 1395; x_wconf 89' lang='lat' dir='ltr'>ac·</span> 
     </span>
     <span class='ocr_line' id='line_1_14' title="bbox 383 1415 1410 1504; baseline -0.001 -21"><span class='ocrx_word' id='word_1_120' title='bbox 383 1432 487 1483; x_wconf 87' lang='lat' dir='ltr'>curate</span> <span class='ocrx_word' id='word_1_121' title='bbox 501 1415 640 1482; x_wconf 85' lang='lat' dir='ltr'>celebrat.</span> <span class='ocrx_word' id='word_1_122' title='bbox 684 1419 779 1482; x_wconf 87' lang='lat' dir='ltr'>Porto</span> <span class='ocrx_word' id='word_1_123' title='bbox 792 1419 822 1480; x_wconf 75' lang='grc' dir='ltr'>ἃ</span> <span class='ocrx_word' id='word_1_124' title='bbox 835 1416 964 1498; x_wconf 87' lang='lat' dir='ltr'>Jacobns</span> <span class='ocrx_word' id='word_1_125' title='bbox 979 1416 1135 1500; x_wconf 84' lang='lat' dir='ltr'>Philippus</span> <span class='ocrx_word' id='word_1_126' title='bbox 1149 1419 1311 1504; x_wconf 87' lang='lat' dir='ltr'>Bergomas</span> <span class='ocrx_word' id='word_1_127' title='bbox 1325 1439 1410 1482; x_wconf 88' lang='lat' dir='ltr'>nono</span> 
     </span>
     <span class='ocr_line' id='line_1_15' title="bbox 384 1501 1411 1590; baseline 0 -20"><span class='ocrx_word' id='word_1_128' title='bbox 384 1503 609 1570; x_wconf 89' lang='lat' dir='ltr'>Chronicorum</span> <span class='ocrx_word' id='word_1_129' title='bbox 623 1501 702 1568; x_wconf 92' lang='lat' dir='ltr'>libro</span> <span class='ocrx_word' id='word_1_130' title='bbox 714 1506 834 1568; x_wconf 86' lang='lat' dir='ltr'>Attnrii</span> <span class='ocrx_word' id='word_1_131' title='bbox 852 1507 994 1569; x_wconf 88' lang='lat' dir='ltr'>virtutem</span> <span class='ocrx_word' id='word_1_132' title='bbox 1007 1505 1160 1590; x_wconf 74' lang='lat' dir='ltr'>praeconiis</span> <span class='ocrx_word' id='word_1_133' title='bbox 1179 1509 1226 1570; x_wconf 87' lang='lat' dir='ltr'>uel</span> <span class='ocrx_word' id='word_1_134' title='bbox 1246 1502 1411 1586; x_wconf 77' lang='lat' dir='ltr'>justissimis</span> 
     </span>
     <span class='ocr_line' id='line_1_16' title="bbox 383 1590 1409 1658; baseline 0.002 -4"><span class='ocrx_word' id='word_1_135' title='bbox 383 1593 503 1656; x_wconf 84' lang='lat' dir='ltr'>attollit.</span> <span class='ocrx_word' id='word_1_136' title='bbox 549 1590 609 1656; x_wconf 84' lang='lat' dir='ltr'>Sed</span> <span class='ocrx_word' id='word_1_137' title='bbox 624 1612 678 1656; x_wconf 90' lang='lat' dir='ltr'>nec</span> <span class='ocrx_word' id='word_1_138' title='bbox 693 1595 810 1658; x_wconf 89' lang='lat' dir='ltr'>minora</span> <span class='ocrx_word' id='word_1_139' title='bbox 822 1592 884 1657; x_wconf 85' lang='lat' dir='ltr'>ulla</span> <span class='ocrx_word' id='word_1_140' title='bbox 896 1592 1061 1656; x_wconf 84' lang='lat' dir='ltr'>Nauelerus</span> <span class='ocrx_word' id='word_1_141' title='bbox 1081 1591 1178 1656; x_wconf 90' lang='lat' dir='ltr'>eidem</span> <span class='ocrx_word' id='word_1_142' title='bbox 1192 1593 1224 1658; x_wconf 87' lang='lat' dir='ltr'>in</span> <span class='ocrx_word' id='word_1_143' title='bbox 1235 1593 1286 1656; x_wconf 90' lang='lat' dir='ltr'>sua</span> <span class='ocrx_word' id='word_1_144' title='bbox 1298 1613 1409 1656; x_wconf 87' lang='lat' dir='ltr'>contn-</span> 
     </span>
     <span class='ocr_line' id='line_1_17' title="bbox 383 1675 1409 1764; baseline 0.002 -22"><span class='ocrx_word' id='word_1_145' title='bbox 383 1679 420 1744; x_wconf 89' lang='lat' dir='ltr'>lit</span> <span class='ocrx_word' id='word_1_146' title='bbox 434 1678 563 1744; x_wconf 83' lang='lat' dir='ltr'>historia.</span> <span class='ocrx_word' id='word_1_147' title='bbox 608 1683 680 1744; x_wconf 79' lang='lat' dir='ltr'>Hac</span> <span class='ocrx_word' id='word_1_148' title='bbox 695 1680 782 1764; x_wconf 87' lang='lat' dir='ltr'>plane</span> <span class='ocrx_word' id='word_1_149' title='bbox 797 1675 927 1744; x_wconf 83' lang='lat' dir='ltr'>fecissent</span> <span class='ocrx_word' id='word_1_150' title='bbox 947 1698 1101 1764; x_wconf 87' lang='lat' dir='ltr'>nunqnam</span> <span class='ocrx_word' id='word_1_151' title='bbox 1114 1679 1169 1742; x_wconf 90' lang='lat' dir='ltr'>viri</span> <span class='ocrx_word' id='word_1_152' title='bbox 1188 1701 1258 1744; x_wconf 86' lang='lat' dir='ltr'>curn</span> <span class='ocrx_word' id='word_1_153' title='bbox 1277 1679 1409 1744; x_wconf 75' lang='lat' dir='ltr'>dossiffi·</span> 
     </span>
     <span class='ocr_line' id='line_1_18' title="bbox 383 1765 1409 1852; baseline 0.001 -21"><span class='ocrx_word' id='word_1_154' title='bbox 383 1770 437 1841; x_wconf 91' lang='lat' dir='ltr'>mi,</span> <span class='ocrx_word' id='word_1_155' title='bbox 461 1783 528 1830; x_wconf 91' lang='lat' dir='ltr'>tnm</span> <span class='ocrx_word' id='word_1_156' title='bbox 541 1769 573 1830; x_wconf 91' lang='lat' dir='ltr'>in</span> <span class='ocrx_word' id='word_1_157' title='bbox 590 1770 770 1852; x_wconf 87' lang='lat' dir='ltr'>antiquitate</span> <span class='ocrx_word' id='word_1_158' title='bbox 782 1766 1020 1846; x_wconf 76' lang='lat' dir='ltr'>exercitatissimi,</span> <span class='ocrx_word' id='word_1_159' title='bbox 1043 1766 1095 1830; x_wconf 85' lang='lat' dir='ltr'>nist</span> <span class='ocrx_word' id='word_1_160' title='bbox 1110 1766 1192 1850; x_wconf 87' lang='lat' dir='ltr'>prins</span> <span class='ocrx_word' id='word_1_161' title='bbox 1207 1765 1262 1832; x_wconf 88' lang='lat' dir='ltr'>srbi</span> <span class='ocrx_word' id='word_1_162' title='bbox 1288 1765 1409 1852; x_wconf 87' lang='lat' dir='ltr'>persua·</span> 
     </span>
     <span class='ocr_line' id='line_1_19' title="bbox 385 1853 1410 1940; baseline 0 -22"><span class='ocrx_word' id='word_1_163' title='bbox 385 1855 492 1931; x_wconf 81' lang='lat' dir='ltr'>sillem,</span> <span class='ocrx_word' id='word_1_164' title='bbox 514 1856 671 1918; x_wconf 89' lang='lat' dir='ltr'>Arturiutn</span> <span class='ocrx_word' id='word_1_165' title='bbox 691 1855 852 1940; x_wconf 90' lang='lat' dir='ltr'>aliquando</span> <span class='ocrx_word' id='word_1_166' title='bbox 873 1853 958 1918; x_wconf 88' lang='lat' dir='ltr'>soille</span> <span class='ocrx_word' id='word_1_167' title='bbox 973 1854 1123 1922; x_wconf 82' lang='lat' dir='ltr'>,omnibus</span> <span class='ocrx_word' id='word_1_168' title='bbox 1144 1857 1293 1919; x_wconf 81' lang='lat' dir='ltr'>virtutum</span> <span class='ocrx_word' id='word_1_169' title='bbox 1318 1877 1410 1918; x_wconf 91' lang='lat' dir='ltr'>orna·</span> 
     </span>
     <span class='ocr_line' id='line_1_20' title="bbox 384 1941 1409 2030; baseline -0.002 -22"><span class='ocrx_word' id='word_1_170' title='bbox 384 1945 494 2008; x_wconf 88' lang='lat' dir='ltr'>mentis</span> <span class='ocrx_word' id='word_1_171' title='bbox 514 1941 632 2006; x_wconf 88' lang='lat' dir='ltr'>abunde</span> <span class='ocrx_word' id='word_1_172' title='bbox 653 1943 809 2030; x_wconf 79' lang='lat' dir='ltr'>infignem.</span> <span class='ocrx_word' id='word_1_173' title='bbox 855 1943 913 2025; x_wconf 77' lang='lat' dir='ltr'>Sed</span> <span class='ocrx_word' id='word_1_174' title='bbox 928 1962 997 2027; x_wconf 82' lang='lat' dir='ltr'>qnae</span> <span class='ocrx_word' id='word_1_175' title='bbox 1010 1944 1177 2005; x_wconf 88' lang='lat' dir='ltr'>multorum</span> <span class='ocrx_word' id='word_1_176' title='bbox 1193 1943 1235 2006; x_wconf 88' lang='lat' dir='ltr'>ell</span> <span class='ocrx_word' id='word_1_177' title='bbox 1249 1945 1409 2028; x_wconf 89' lang='lat' dir='ltr'>iniqnitas,</span> 
     </span>
     <span class='ocr_line' id='line_1_21' title="bbox 322 2029 1408 2118; baseline 0.002 -24"><span class='ocrx_word' id='word_1_178' title='bbox 322 2029 326 2038; x_wconf 79' lang='grc'><strong>’</strong></span> <span class='ocrx_word' id='word_1_179' title='bbox 385 2032 548 2094; x_wconf 82' lang='lat' dir='ltr'>&amp;animus</span> <span class='ocrx_word' id='word_1_180' title='bbox 572 2047 770 2114; x_wconf 89' lang='lat' dir='ltr'>contemptor,</span> <span class='ocrx_word' id='word_1_181' title='bbox 793 2049 862 2118; x_wconf 80' lang='lat' dir='ltr'>quae</span> <span class='ocrx_word' id='word_1_182' title='bbox 875 2029 974 2114; x_wconf 81' lang='lat' dir='ltr'>statim</span> <span class='ocrx_word' id='word_1_183' title='bbox 999 2031 1166 2116; x_wconf 86' lang='lat' dir='ltr'>ignorantia</span> <span class='ocrx_word' id='word_1_184' title='bbox 1190 2033 1255 2106; x_wconf 89' lang='lat' dir='ltr'>toti,</span> <span class='ocrx_word' id='word_1_185' title='bbox 1278 2033 1308 2093; x_wconf 67' lang='lat' dir='ltr'>se</span> <span class='ocrx_word' id='word_1_186' title='bbox 1327 2030 1408 2096; x_wconf 90' lang='lat' dir='ltr'>cras·</span> 
     </span>
     <span class='ocr_line' id='line_1_22' title="bbox 384 2105 1409 2203; baseline -0.001 -21"><span class='ocrx_word' id='word_1_187' title='bbox 384 2115 416 2182; x_wconf 86' lang='lat' dir='ltr'>sa</span> <span class='ocrx_word' id='word_1_188' title='bbox 430 2109 565 2202; x_wconf 84' lang='lat' dir='ltr'>quidem,</span> <span class='ocrx_word' id='word_1_189' title='bbox 588 2118 713 2182; x_wconf 74' lang='lat' dir='ltr'>obdusli</span> <span class='ocrx_word' id='word_1_190' title='bbox 732 2141 794 2182; x_wconf 91' lang='lat' dir='ltr'>non</span> <span class='ocrx_word' id='word_1_191' title='bbox 817 2120 934 2203; x_wconf 89' lang='lat' dir='ltr'>liquido</span> <span class='ocrx_word' id='word_1_192' title='bbox 953 2105 1141 2202; x_wconf 84' lang='lat' dir='ltr'>perspiciunt,</span> <span class='ocrx_word' id='word_1_193' title='bbox 1176 2115 1291 2202; x_wconf 86' lang='lat' dir='ltr'>stupide</span> <span class='ocrx_word' id='word_1_194' title='bbox 1311 2105 1409 2202; x_wconf 77' lang='lat' dir='ltr'>negli-</span> 
     </span>
     <span class='ocr_line' id='line_1_23' title="bbox 384 2202 1409 2290; baseline 0.002 -21"><span class='ocrx_word' id='word_1_195' title='bbox 384 2222 471 2290; x_wconf 82' lang='lat' dir='ltr'>gunt,</span> <span class='ocrx_word' id='word_1_196' title='bbox 495 2221 697 2281; x_wconf 83' lang='lat' dir='ltr'>con-temnunt,</span> <span class='ocrx_word' id='word_1_197' title='bbox 720 2204 755 2270; x_wconf 79' lang='lat' dir='ltr'>ac</span> <span class='ocrx_word' id='word_1_198' title='bbox 769 2205 896 2288; x_wconf 87' lang='lat' dir='ltr'>prorsus</span> <span class='ocrx_word' id='word_1_199' title='bbox 919 2208 1065 2287; x_wconf 81' lang='lat' dir='ltr'>rejiciunt.</span> <span class='ocrx_word' id='word_1_200' title='bbox 1109 2202 1234 2270; x_wconf 84' lang='lat' dir='ltr'>Valeant</span> <span class='ocrx_word' id='word_1_201' title='bbox 1259 2204 1409 2286; x_wconf 86' lang='lat' dir='ltr'>ejusmodi</span> 
     </span>
     <span class='ocr_line' id='line_1_24' title="bbox 384 2281 1409 2380; baseline 0.004 -26"><span class='ocrx_word' id='word_1_202' title='bbox 384 2281 517 2378; x_wconf 68' lang='lat' dir='ltr'>antiquar</span> <span class='ocrx_word' id='word_1_203' title='bbox 530 2293 662 2356; x_wconf 88' lang='lat' dir='ltr'>censores</span> <span class='ocrx_word' id='word_1_204' title='bbox 677 2293 817 2372; x_wconf 83' lang='lat' dir='ltr'>historiar,</span> <span class='ocrx_word' id='word_1_205' title='bbox 840 2296 870 2356; x_wconf 68' lang='lat'>8&lt;</span> <span class='ocrx_word' id='word_1_206' title='bbox 884 2291 935 2357; x_wconf 91' lang='lat' dir='ltr'>sua</span> <span class='ocrx_word' id='word_1_207' title='bbox 950 2289 1135 2376; x_wconf 82' lang='lat' dir='ltr'>perfluantur</span> <span class='ocrx_word' id='word_1_208' title='bbox 1151 2291 1285 2368; x_wconf 86' lang='lat' dir='ltr'>stultitia,</span> <span class='ocrx_word' id='word_1_209' title='bbox 1302 2315 1340 2356; x_wconf 91' lang='lat' dir='ltr'>ne</span> <span class='ocrx_word' id='word_1_210' title='bbox 1360 2298 1409 2380; x_wconf 86' lang='lat' dir='ltr'>di·</span> 
     </span>
     <span class='ocr_line' id='line_1_25' title="bbox 385 2377 1410 2468; baseline 0.003 -24"><span class='ocrx_word' id='word_1_211' title='bbox 385 2400 451 2444; x_wconf 85' lang='lat' dir='ltr'>catu</span> <span class='ocrx_word' id='word_1_212' title='bbox 466 2381 587 2444; x_wconf 88' lang='lat' dir='ltr'>insania.</span> <span class='ocrx_word' id='word_1_213' title='bbox 614 2381 698 2468; x_wconf 79' lang='lat' dir='ltr'>Qld</span> <span class='ocrx_word' id='word_1_214' title='bbox 714 2381 736 2444; x_wconf 88' lang='lat' dir='ltr'>fi</span> <span class='ocrx_word' id='word_1_215' title='bbox 753 2402 831 2444; x_wconf 88' lang='lat' dir='ltr'>nunc</span> <span class='ocrx_word' id='word_1_216' title='bbox 847 2382 983 2444; x_wconf 73' lang='lat' dir='ltr'>Hesloris</span> <span class='ocrx_word' id='word_1_217' title='bbox 996 2381 1126 2456; x_wconf 86' lang='lat' dir='ltr'>Bo&#39;e&#39;thii,</span> <span class='ocrx_word' id='word_1_218' title='bbox 1143 2377 1289 2463; x_wconf 83' lang='lat' dir='ltr'>scriptoris</span> <span class='ocrx_word' id='word_1_219' title='bbox 1301 2380 1410 2462; x_wconf 69' lang='lat' dir='ltr'>nostrat</span> 
     </span>
     <span class='ocr_line' id='line_1_26' title="bbox 384 2467 1411 2554; baseline 0.005 -24"><span class='ocrx_word' id='word_1_220' title='bbox 384 2469 493 2544; x_wconf 76' lang='lat' dir='ltr'>aetatis,</span> <span class='ocrx_word' id='word_1_221' title='bbox 514 2467 712 2532; x_wconf 77' lang='lat' dir='ltr'>testimonium</span> <span class='ocrx_word' id='word_1_222' title='bbox 727 2467 918 2550; x_wconf 92' lang='lat' dir='ltr'>conspicuum</span> <span class='ocrx_word' id='word_1_223' title='bbox 942 2470 1107 2554; x_wconf 68' lang='lat' dir='ltr'>de‘tlttnrii</span> <span class='ocrx_word' id='word_1_224' title='bbox 1126 2471 1224 2553; x_wconf 81' lang='lat' dir='ltr'>gloria</span> <span class='ocrx_word' id='word_1_225' title='bbox 1247 2473 1411 2535; x_wconf 87' lang='lat' dir='ltr'>immortali</span> 
     </span>
     <span class='ocr_line' id='line_1_27' title="bbox 384 2555 1411 2643; baseline 0.005 -25"><span class='ocrx_word' id='word_1_226' title='bbox 384 2555 418 2620; x_wconf 87' lang='lat' dir='ltr'>in</span> <span class='ocrx_word' id='word_1_227' title='bbox 432 2555 563 2620; x_wconf 88' lang='lat' dir='ltr'>medium</span> <span class='ocrx_word' id='word_1_228' title='bbox 579 2557 731 2640; x_wconf 85' lang='lat' dir='ltr'>protulero</span> <span class='ocrx_word' id='word_1_229' title='bbox 745 2561 757 2638; x_wconf 73' lang='grc' dir='ltr'><em>ξ</em></span> <span class='ocrx_word' id='word_1_230' title='bbox 780 2561 867 2620; x_wconf 87' lang='lat' dir='ltr'>Certe</span> <span class='ocrx_word' id='word_1_231' title='bbox 891 2557 966 2639; x_wconf 89' lang='lat' dir='ltr'>nihil</span> <span class='ocrx_word' id='word_1_232' title='bbox 985 2556 1044 2618; x_wconf 92' lang='lat' dir='ltr'>hoc</span> <span class='ocrx_word' id='word_1_233' title='bbox 1061 2555 1176 2620; x_wconf 88' lang='lat' dir='ltr'>calculo</span> <span class='ocrx_word' id='word_1_234' title='bbox 1189 2559 1252 2636; x_wconf 88' lang='lat' dir='ltr'>ejus</span> <span class='ocrx_word' id='word_1_235' title='bbox 1266 2559 1411 2643; x_wconf 87' lang='lat' dir='ltr'>dignitati</span> 
     </span>
     <span class='ocr_line' id='line_1_28' title="bbox 385 2641 1410 2728; baseline 0.004 -22"><span class='ocrx_word' id='word_1_236' title='bbox 385 2641 519 2718; x_wconf 84' lang='lat' dir='ltr'>decedet,</span> <span class='ocrx_word' id='word_1_237' title='bbox 543 2643 661 2710; x_wconf 86' lang='lat' dir='ltr'>accedet</span> <span class='ocrx_word' id='word_1_238' title='bbox 674 2663 746 2707; x_wconf 91' lang='lat' dir='ltr'>vero</span> <span class='ocrx_word' id='word_1_239' title='bbox 760 2646 930 2727; x_wconf 89' lang='lat' dir='ltr'>plurimum,</span> <span class='ocrx_word' id='word_1_240' title='bbox 947 2645 1007 2706; x_wconf 90' lang='lat' dir='ltr'>hoc</span> <span class='ocrx_word' id='word_1_241' title='bbox 1023 2646 1153 2722; x_wconf 87' lang='lat' dir='ltr'>nomine,</span> <span class='ocrx_word' id='word_1_242' title='bbox 1175 2646 1259 2728; x_wconf 91' lang='lat' dir='ltr'>qnod</span> <span class='ocrx_word' id='word_1_243' title='bbox 1275 2649 1410 2723; x_wconf 86' lang='lat' dir='ltr'>Scottos,</span> 
     </span>
    </p>

    <p class='ocr_par' dir='ltr' id='par_1_3' title="bbox 385 2729 1465 2903">
     <span class='ocr_line' id='line_1_29' title="bbox 386 2729 1465 2819; baseline 0.002 -25"><span class='ocrx_word' id='word_1_244' title='bbox 386 2729 526 2818; x_wconf 76' lang='lat' dir='ltr'>instinctu</span> <span class='ocrx_word' id='word_1_245' title='bbox 543 2730 638 2796; x_wconf 85' lang='lat' dir='ltr'>nescio</span> <span class='ocrx_word' id='word_1_246' title='bbox 658 2752 722 2816; x_wconf 92' lang='lat' dir='ltr'>quo</span> <span class='ocrx_word' id='word_1_247' title='bbox 744 2750 864 2807; x_wconf 85' lang='lat' dir='ltr'>natnrae,</span> <span class='ocrx_word' id='word_1_248' title='bbox 888 2734 1067 2795; x_wconf 87' lang='lat' dir='ltr'>Britannum</span> <span class='ocrx_word' id='word_1_249' title='bbox 1080 2731 1159 2808; x_wconf 91' lang='lat' dir='ltr'>odio,</span> <span class='ocrx_word' id='word_1_250' title='bbox 1180 2753 1213 2796; x_wconf 90' lang='lat' dir='ltr'>ut</span> <span class='ocrx_word' id='word_1_251' title='bbox 1226 2732 1268 2803; x_wconf 84' lang='lat' dir='ltr'>esi</span> <span class='ocrx_word' id='word_1_252' title='bbox 1290 2734 1322 2795; x_wconf 88' lang='lat' dir='ltr'>in</span> <span class='ocrx_word' id='word_1_253' title='bbox 1337 2755 1411 2818; x_wconf 85' lang='lat' dir='ltr'>pro·</span> <span class='ocrx_word' id='word_1_254' title='bbox 1464 2808 1465 2819; x_wconf 9' lang='grc' dir='ltr'>χ</span> 
     </span>
     <span class='ocr_line' id='line_1_30' title="bbox 385 2817 1408 2903; baseline 0.002 -21"><span class='ocrx_word' id='word_1_255' title='bbox 385 2819 500 2902; x_wconf 74' lang='lat' dir='ltr'>verbio,</span> <span class='ocrx_word' id='word_1_256' title='bbox 513 2819 673 2884; x_wconf 87' lang='lat' dir='ltr'>Vatiniano</span> <span class='ocrx_word' id='word_1_257' title='bbox 687 2818 890 2903; x_wconf 85' lang='lat' dir='ltr'>prosequatur.</span> <span class='ocrx_word' id='word_1_258' title='bbox 928 2820 1018 2882; x_wconf 87' lang='lat' dir='ltr'>Unde</span> <span class='ocrx_word' id='word_1_259' title='bbox 1032 2819 1072 2881; x_wconf 73' lang='lat' dir='ltr'>als</span> <span class='ocrx_word' id='word_1_260' title='bbox 1082 2817 1254 2896; x_wconf 87' lang='lat' dir='ltr'>adversario,</span> <span class='ocrx_word' id='word_1_261' title='bbox 1268 2821 1408 2897; x_wconf 89' lang='lat' dir='ltr'>inimico,</span> 
     </span>
    </p>

    <p class='ocr_par' dir='ltr' id='par_1_4' title="bbox 216 2903 1465 4482">
     <span class='ocr_line' id='line_1_31' title="bbox 354 2903 1465 2991; baseline 0.005 -25"><span class='ocrx_word' id='word_1_262' title='bbox 354 2949 356 2954; x_wconf 68' lang='lat'>,</span> <span class='ocrx_word' id='word_1_263' title='bbox 385 2903 433 2968; x_wconf 83' lang='lat' dir='ltr'>vel</span> <span class='ocrx_word' id='word_1_264' title='bbox 448 2907 530 2971; x_wconf 90' lang='lat' dir='ltr'>holle</span> <span class='ocrx_word' id='word_1_265' title='bbox 554 2905 670 2972; x_wconf 86' lang='lat' dir='ltr'>landari</span> <span class='ocrx_word' id='word_1_266' title='bbox 696 2908 829 2989; x_wconf 90' lang='lat' dir='ltr'>palmarii</span> <span class='ocrx_word' id='word_1_267' title='bbox 851 2909 919 2972; x_wconf 92' lang='lat' dir='ltr'>loco</span> <span class='ocrx_word' id='word_1_268' title='bbox 940 2905 992 2970; x_wconf 88' lang='lat' dir='ltr'>est.</span> <span class='ocrx_word' id='word_1_269' title='bbox 1037 2909 1108 2971; x_wconf 89' lang='lat' dir='ltr'>Haec</span> <span class='ocrx_word' id='word_1_270' title='bbox 1126 2908 1228 2991; x_wconf 88' lang='lat' dir='ltr'>iraque</span> <span class='ocrx_word' id='word_1_271' title='bbox 1249 2906 1317 2971; x_wconf 92' lang='lat' dir='ltr'>sunt</span> <span class='ocrx_word' id='word_1_272' title='bbox 1341 2911 1409 2990; x_wconf 83' lang='lat' dir='ltr'>ejus</span> <span class='ocrx_word' id='word_1_273' title='bbox 1464 2916 1465 2921; x_wconf 76' lang='grc'>’</span> 
     </span>
     <span class='ocr_line' id='line_1_32' title="bbox 384 2993 1407 3080; baseline 0.007 -27"><span class='ocrx_word' id='word_1_274' title='bbox 384 2993 496 3058; x_wconf 85' lang='lat' dir='ltr'>verb&#39;a:</span> <span class='ocrx_word' id='word_1_275' title='bbox 521 3000 542 3034; x_wconf 79' lang='lat'>‘⁴</span> <span class='ocrx_word' id='word_1_276' title='bbox 558 2997 625 3058; x_wconf 87' lang='lat' dir='ltr'>Fuit</span> <span class='ocrx_word' id='word_1_277' title='bbox 639 3011 693 3080; x_wconf 68' lang='lat' dir='ltr'>reu</span> <span class='ocrx_word' id='word_1_278' title='bbox 702 2996 843 3056; x_wconf 76' lang='lat' dir='ltr'>Asturius</span> <span class='ocrx_word' id='word_1_279' title='bbox 858 3015 954 3058; x_wconf 87' lang='lat' dir='ltr'>rernm</span> <span class='ocrx_word' id='word_1_280' title='bbox 969 2996 1088 3078; x_wconf 83' lang='lat' dir='ltr'>egregie</span> <span class='ocrx_word' id='word_1_281' title='bbox 1101 2993 1247 3078; x_wconf 85' lang='lat' dir='ltr'>gestarum</span> <span class='ocrx_word' id='word_1_282' title='bbox 1262 2995 1358 3079; x_wconf 84' lang='lat' dir='ltr'>gloria</span> <span class='ocrx_word' id='word_1_283' title='bbox 1373 2999 1407 3060; x_wconf 75' lang='lat'>8:</span> 
     </span>
     <span class='ocr_line' id='line_1_33' title="bbox 385 3081 1410 3168; baseline 0.005 -25"><span class='ocrx_word' id='word_1_284' title='bbox 385 3081 618 3166; x_wconf 82' lang='lat' dir='ltr'>“amplitudine</span> <span class='ocrx_word' id='word_1_285' title='bbox 643 3103 701 3146; x_wconf 88' lang='lat' dir='ltr'>non</span> <span class='ocrx_word' id='word_1_286' title='bbox 725 3084 821 3145; x_wconf 88' lang='lat' dir='ltr'>minus</span> <span class='ocrx_word' id='word_1_287' title='bbox 846 3103 939 3167; x_wconf 88' lang='lat' dir='ltr'>quam</span> <span class='ocrx_word' id='word_1_288' title='bbox 960 3084 1119 3146; x_wconf 82' lang='lat' dir='ltr'>Britanniae</span> <span class='ocrx_word' id='word_1_289' title='bbox 1143 3103 1235 3167; x_wconf 90' lang='lat' dir='ltr'>reges,</span> <span class='ocrx_word' id='word_1_290' title='bbox 1259 3084 1314 3168; x_wconf 91' lang='lat' dir='ltr'>qui</span> <span class='ocrx_word' id='word_1_291' title='bbox 1337 3099 1410 3148; x_wconf 87' lang='lat' dir='ltr'>ante</span> 
     </span>
     <span class='ocr_line' id='line_1_34' title="bbox 312 3168 1408 3256; baseline 0.002 -22"><span class='ocrx_word' id='word_1_292' title='bbox 312 3179 319 3196; x_wconf 89' lang='lat'>&#39;</span> <span class='ocrx_word' id='word_1_293' title='bbox 386 3175 410 3206; x_wconf 76' lang='lat'>‘⁸</span> <span class='ocrx_word' id='word_1_294' title='bbox 425 3191 496 3234; x_wconf 89' lang='lat' dir='ltr'>eum</span> <span class='ocrx_word' id='word_1_295' title='bbox 522 3172 632 3246; x_wconf 80' lang='lat' dir='ltr'>vixere,</span> <span class='ocrx_word' id='word_1_296' title='bbox 654 3169 800 3256; x_wconf 82' lang='lat' dir='ltr'>infignis:</span> <span class='ocrx_word' id='word_1_297' title='bbox 832 3171 911 3234; x_wconf 90' lang='lat' dir='ltr'>unde</span> <span class='ocrx_word' id='word_1_298' title='bbox 932 3191 1002 3256; x_wconf 89' lang='lat' dir='ltr'>opes</span> <span class='ocrx_word' id='word_1_299' title='bbox 1028 3168 1058 3231; x_wconf 79' lang='lat' dir='ltr'>dr</span> <span class='ocrx_word' id='word_1_300' title='bbox 1085 3173 1161 3231; x_wconf 85' lang='lat' dir='ltr'>vires</span> <span class='ocrx_word' id='word_1_301' title='bbox 1183 3170 1341 3246; x_wconf 88' lang='lat' dir='ltr'>Britannis,</span> <span class='ocrx_word' id='word_1_302' title='bbox 1366 3193 1408 3235; x_wconf 89' lang='lat' dir='ltr'>eo</span> 
     </span>
     <span class='ocr_line' id='line_1_35' title="bbox 259 3255 1409 3348; baseline 0.002 -28"><span class='ocrx_word' id='word_1_303' title='bbox 259 3331 262 3348; x_wconf 36' lang='grc' dir='ltr'><strong><em>ι</em></strong></span> <span class='ocrx_word' id='word_1_304' title='bbox 384 3261 409 3293; x_wconf 83' lang='lat'>“</span> <span class='ocrx_word' id='word_1_305' title='bbox 426 3275 578 3342; x_wconf 88' lang='lat' dir='ltr'>regnante,</span> <span class='ocrx_word' id='word_1_306' title='bbox 601 3257 765 3343; x_wconf 87' lang='lat' dir='ltr'>plurimum</span> <span class='ocrx_word' id='word_1_307' title='bbox 778 3263 926 3322; x_wconf 83' lang='lat' dir='ltr'>crevere.”</span> <span class='ocrx_word' id='word_1_308' title='bbox 961 3255 1280 3322; x_wconf 75' lang='lat' dir='ltr'>HastenusBo&#39;e&#39;rhius.</span> <span class='ocrx_word' id='word_1_309' title='bbox 1301 3263 1409 3345; x_wconf 84' lang='lat' dir='ltr'>Qram</span> 
     </span>
     <span class='ocr_line' id='line_1_36' title="bbox 384 3343 1406 3428; baseline 0 -18"><span class='ocrx_word' id='word_1_310' title='bbox 384 3345 436 3410; x_wconf 88' lang='lat' dir='ltr'>hsc</span> <span class='ocrx_word' id='word_1_311' title='bbox 450 3347 555 3410; x_wconf 89' lang='lat' dir='ltr'>vellem</span> <span class='ocrx_word' id='word_1_312' title='bbox 574 3345 636 3409; x_wconf 90' lang='lat' dir='ltr'>dari</span> <span class='ocrx_word' id='word_1_313' title='bbox 662 3347 735 3409; x_wconf 88' lang='lat' dir='ltr'>mibi</span> <span class='ocrx_word' id='word_1_314' title='bbox 750 3345 931 3412; x_wconf 79' lang='lat' dir='ltr'>occasionem</span> <span class='ocrx_word' id='word_1_315' title='bbox 944 3344 962 3408; x_wconf 79' lang='lat' dir='ltr'>al</span> <span class='ocrx_word' id='word_1_316' title='bbox 975 3346 1123 3426; x_wconf 88' lang='lat' dir='ltr'>Polydoro</span> <span class='ocrx_word' id='word_1_317' title='bbox 1145 3345 1221 3408; x_wconf 87' lang='lat' dir='ltr'>ltnlo</span> <span class='ocrx_word' id='word_1_318' title='bbox 1230 3343 1352 3428; x_wconf 77' lang='lat' dir='ltr'>juliam,</span> <span class='ocrx_word' id='word_1_319' title='bbox 1366 3362 1406 3410; x_wconf 86' lang='lat' dir='ltr'>nt</span> 
     </span>
     <span class='ocr_line' id='line_1_37' title="bbox 216 3421 1411 3518; baseline 0.004 -26"><span class='ocrx_word' id='word_1_320' title='bbox 216 3421 276 3482; x_wconf 66' lang='lat' dir='ltr'>&#39;fol</span> <span class='ocrx_word' id='word_1_321' title='bbox 290 3432 364 3492; x_wconf 63' lang='lat' dir='ltr'>snb·</span> <span class='ocrx_word' id='word_1_322' title='bbox 383 3435 510 3498; x_wconf 90' lang='lat' dir='ltr'>Arturio</span> <span class='ocrx_word' id='word_1_323' title='bbox 520 3435 665 3498; x_wconf 84' lang='lat' dir='ltr'>Britanno</span> <span class='ocrx_word' id='word_1_324' title='bbox 676 3431 778 3496; x_wconf 84' lang='lat' dir='ltr'>cristas</span> <span class='ocrx_word' id='word_1_325' title='bbox 787 3433 931 3518; x_wconf 85' lang='lat' dir='ltr'>erigerem</span> <span class='ocrx_word' id='word_1_326' title='bbox 941 3430 1279 3516; x_wconf 83' lang='lat' dir='ltr'>ejusquoqnesufftagio</span> <span class='ocrx_word' id='word_1_327' title='bbox 1289 3455 1411 3497; x_wconf 88' lang='lat' dir='ltr'>memo·</span> 
     </span>
     <span class='ocr_line' id='line_1_38' title="bbox 384 3519 1412 3606; baseline 0 -20"><span class='ocrx_word' id='word_1_328' title='bbox 384 3522 470 3586; x_wconf 90' lang='lat' dir='ltr'>rabili</span> <span class='ocrx_word' id='word_1_329' title='bbox 485 3522 586 3606; x_wconf 87' lang='lat' dir='ltr'>aliquo</span> <span class='ocrx_word' id='word_1_330' title='bbox 598 3524 608 3584; x_wconf 81' lang='lat' dir='ltr'>i</span> <span class='ocrx_word' id='word_1_331' title='bbox 632 3522 706 3606; x_wconf 89' lang='lat' dir='ltr'>Agit</span> <span class='ocrx_word' id='word_1_332' title='bbox 721 3521 770 3583; x_wconf 92' lang='lat' dir='ltr'>ille</span> <span class='ocrx_word' id='word_1_333' title='bbox 783 3521 910 3586; x_wconf 89' lang='lat' dir='ltr'>caussam</span> <span class='ocrx_word' id='word_1_334' title='bbox 924 3522 1049 3595; x_wconf 83' lang='lat' dir='ltr'>Artnrii,</span> <span class='ocrx_word' id='word_1_335' title='bbox 1073 3519 1121 3581; x_wconf 91' lang='lat' dir='ltr'>sed</span> <span class='ocrx_word' id='word_1_336' title='bbox 1134 3537 1275 3602; x_wconf 88' lang='lat' dir='ltr'>patronus</span> <span class='ocrx_word' id='word_1_337' title='bbox 1284 3523 1412 3590; x_wconf 87' lang='lat' dir='ltr'>interim</span> 
     </span>
     <span class='ocr_line' id='line_1_39' title="bbox 321 3604 1407 3692; baseline -0.002 -18"><span class='ocrx_word' id='word_1_338' title='bbox 321 3677 322 3682; x_wconf 59' lang='grc'>,</span> <span class='ocrx_word' id='word_1_339' title='bbox 385 3626 446 3674; x_wconf 87' lang='lat' dir='ltr'>tarn</span> <span class='ocrx_word' id='word_1_340' title='bbox 461 3609 614 3692; x_wconf 84' lang='lat' dir='ltr'>languens,</span> <span class='ocrx_word' id='word_1_341' title='bbox 637 3608 765 3690; x_wconf 86' lang='lat' dir='ltr'>tepidus,</span> <span class='ocrx_word' id='word_1_342' title='bbox 788 3608 972 3682; x_wconf 70' lang='lat' dir='ltr'>irremissus,</span> <span class='ocrx_word' id='word_1_343' title='bbox 987 3621 1021 3669; x_wconf 87' lang='lat' dir='ltr'>nt</span> <span class='ocrx_word' id='word_1_344' title='bbox 1036 3608 1107 3669; x_wconf 89' lang='lat' dir='ltr'>mihi</span> <span class='ocrx_word' id='word_1_345' title='bbox 1118 3629 1178 3671; x_wconf 92' lang='lat' dir='ltr'>non</span> <span class='ocrx_word' id='word_1_346' title='bbox 1189 3604 1282 3671; x_wconf 89' lang='lat' dir='ltr'>risum</span> <span class='ocrx_word' id='word_1_347' title='bbox 1295 3611 1407 3685; x_wconf 90' lang='lat' dir='ltr'>modo,</span> 
     </span>
     <span class='ocr_line' id='line_1_40' title="bbox 383 3693 1412 3778; baseline -0.001 -17"><span class='ocrx_word' id='word_1_348' title='bbox 383 3718 488 3761; x_wconf 84' lang='lat' dir='ltr'>rerum</span> <span class='ocrx_word' id='word_1_349' title='bbox 503 3699 591 3759; x_wconf 86' lang='lat' dir='ltr'>etiam</span> <span class='ocrx_word' id='word_1_350' title='bbox 605 3694 799 3771; x_wconf 87' lang='lat' dir='ltr'>stomachum,</span> <span class='ocrx_word' id='word_1_351' title='bbox 824 3696 898 3759; x_wconf 88' lang='lat' dir='ltr'>dum</span> <span class='ocrx_word' id='word_1_352' title='bbox 913 3693 1008 3771; x_wconf 85' lang='lat' dir='ltr'>salsus,</span> <span class='ocrx_word' id='word_1_353' title='bbox 1032 3697 1063 3756; x_wconf 74' lang='lat' dir='ltr'>dr</span> <span class='ocrx_word' id='word_1_354' title='bbox 1082 3695 1158 3758; x_wconf 86' lang='lat' dir='ltr'>lralo</span> <span class='ocrx_word' id='word_1_355' title='bbox 1174 3693 1307 3778; x_wconf 84' lang='lat' dir='ltr'>perfusus</span> <span class='ocrx_word' id='word_1_356' title='bbox 1321 3715 1412 3760; x_wconf 87' lang='lat' dir='ltr'>aceto</span> 
     </span>
     <span class='ocr_line' id='line_1_41' title="bbox 383 3781 1412 3864; baseline -0.001 -14"><span class='ocrx_word' id='word_1_357' title='bbox 383 3784 480 3850; x_wconf 88' lang='lat' dir='ltr'>nescio</span> <span class='ocrx_word' id='word_1_358' title='bbox 501 3803 539 3847; x_wconf 88' lang='lat' dir='ltr'>an</span> <span class='ocrx_word' id='word_1_359' title='bbox 560 3785 664 3860; x_wconf 89' lang='lat' dir='ltr'>rideat,</span> <span class='ocrx_word' id='word_1_360' title='bbox 686 3805 724 3848; x_wconf 89' lang='lat' dir='ltr'>an</span> <span class='ocrx_word' id='word_1_361' title='bbox 741 3782 953 3848; x_wconf 83' lang='lat' dir='ltr'>stomachetur.</span> <span class='ocrx_word' id='word_1_362' title='bbox 998 3786 1140 3864; x_wconf 87' lang='lat' dir='ltr'>Torquet</span> <span class='ocrx_word' id='word_1_363' title='bbox 1160 3781 1282 3846; x_wconf 88' lang='lat' dir='ltr'>enimse</span> <span class='ocrx_word' id='word_1_364' title='bbox 1301 3782 1412 3849; x_wconf 79' lang='lat' dir='ltr'>misere</span> 
     </span>
     <span class='ocr_line' id='line_1_42' title="bbox 382 3869 1411 3955; baseline -0.004 -17"><span class='ocrx_word' id='word_1_365' title='bbox 382 3873 415 3940; x_wconf 88' lang='lat' dir='ltr'>in</span> <span class='ocrx_word' id='word_1_366' title='bbox 435 3871 562 3938; x_wconf 78' lang='lat' dir='ltr'>historia</span> <span class='ocrx_word' id='word_1_367' title='bbox 585 3872 823 3946; x_wconf 86' lang='lat' dir='ltr'>concinnatione,</span> <span class='ocrx_word' id='word_1_368' title='bbox 843 3889 935 3955; x_wconf 87' lang='lat' dir='ltr'>qnam</span> <span class='ocrx_word' id='word_1_369' title='bbox 957 3885 992 3933; x_wconf 92' lang='lat' dir='ltr'>ut</span> <span class='ocrx_word' id='word_1_370' title='bbox 1018 3873 1135 3934; x_wconf 88' lang='lat' dir='ltr'>interim</span> <span class='ocrx_word' id='word_1_371' title='bbox 1154 3872 1287 3953; x_wconf 87' lang='lat' dir='ltr'>aliquam</span> <span class='ocrx_word' id='word_1_372' title='bbox 1301 3869 1411 3948; x_wconf 84' lang='lat' dir='ltr'>faeiat,</span> 
     </span>
     <span class='ocr_line' id='line_1_43' title="bbox 379 3956 1412 4044; baseline -0.004 -18"><span class='ocrx_word' id='word_1_373' title='bbox 379 3963 509 4044; x_wconf 85' lang='lat' dir='ltr'>cogitur,</span> <span class='ocrx_word' id='word_1_374' title='bbox 534 3958 602 4022; x_wconf 84' lang='lat' dir='ltr'>velit</span> <span class='ocrx_word' id='word_1_375' title='bbox 617 3959 702 4036; x_wconf 91' lang='lat' dir='ltr'>nolit,</span> <span class='ocrx_word' id='word_1_376' title='bbox 724 3961 756 4023; x_wconf 94' lang='lat' dir='ltr'>in</span> <span class='ocrx_word' id='word_1_377' title='bbox 780 3962 905 4042; x_wconf 88' lang='lat' dir='ltr'>gratiam</span> <span class='ocrx_word' id='word_1_378' title='bbox 923 3959 1020 4022; x_wconf 87' lang='lat' dir='ltr'>redire</span> <span class='ocrx_word' id='word_1_379' title='bbox 1040 3978 1112 4022; x_wconf 90' lang='lat' dir='ltr'>cum</span> <span class='ocrx_word' id='word_1_380' title='bbox 1132 3956 1268 4042; x_wconf 83' lang='lat' dir='ltr'>Galsrcso</span> <span class='ocrx_word' id='word_1_381' title='bbox 1285 3959 1412 4029; x_wconf 76' lang='lat' dir='ltr'>Monte·</span> 
     </span>
     <span class='ocr_line' id='line_1_44' title="bbox 380 4044 1412 4132; baseline -0.002 -18"><span class='ocrx_word' id='word_1_382' title='bbox 380 4045 540 4125; x_wconf 76' lang='lat' dir='ltr'>mucheas,</span> <span class='ocrx_word' id='word_1_383' title='bbox 552 4066 642 4132; x_wconf 91' lang='lat' dir='ltr'>quem</span> <span class='ocrx_word' id='word_1_384' title='bbox 656 4062 734 4124; x_wconf 90' lang='lat' dir='ltr'>ante,</span> <span class='ocrx_word' id='word_1_385' title='bbox 752 4062 785 4110; x_wconf 89' lang='lat' dir='ltr'>ut</span> <span class='ocrx_word' id='word_1_386' title='bbox 800 4045 854 4110; x_wconf 87' lang='lat' dir='ltr'>fibi</span> <span class='ocrx_word' id='word_1_387' title='bbox 863 4046 1029 4120; x_wconf 88' lang='lat' dir='ltr'>videbatur,</span> <span class='ocrx_word' id='word_1_388' title='bbox 1044 4045 1141 4111; x_wconf 85' lang='lat' dir='ltr'>verbis</span> <span class='ocrx_word' id='word_1_389' title='bbox 1151 4047 1265 4120; x_wconf 87' lang='lat' dir='ltr'>multis,</span> <span class='ocrx_word' id='word_1_390' title='bbox 1288 4044 1412 4116; x_wconf 74' lang='lat' dir='ltr'>caselle</span> 
     </span>
     <span class='ocr_line' id='line_1_45' title="bbox 379 4131 1411 4226; baseline -0.005 -27"><span class='ocrx_word' id='word_1_391' title='bbox 379 4136 587 4226; x_wconf 71' lang='lat' dir='ltr'>potiusquam</span> <span class='ocrx_word' id='word_1_392' title='bbox 603 4132 700 4218; x_wconf 89' lang='lat' dir='ltr'>splene</span> <span class='ocrx_word' id='word_1_393' title='bbox 715 4136 803 4210; x_wconf 90' lang='lat' dir='ltr'>natis,</span> <span class='ocrx_word' id='word_1_394' title='bbox 826 4133 983 4216; x_wconf 84' lang='lat' dir='ltr'>magnifice</span> <span class='ocrx_word' id='word_1_395' title='bbox 1005 4135 1112 4217; x_wconf 88' lang='lat' dir='ltr'>&amp;pro</span> <span class='ocrx_word' id='word_1_396' title='bbox 1135 4134 1262 4216; x_wconf 88' lang='lat' dir='ltr'>irnperio</span> <span class='ocrx_word' id='word_1_397' title='bbox 1280 4131 1411 4218; x_wconf 72' lang='lat' dir='ltr'>castiga·</span> 
     </span>
     <span class='ocr_line' id='line_1_46' title="bbox 380 4217 1411 4309; baseline 0 -25"><span class='ocrx_word' id='word_1_398' title='bbox 380 4243 473 4290; x_wconf 85' lang='lat' dir='ltr'>uerat.</span> <span class='ocrx_word' id='word_1_399' title='bbox 516 4226 620 4309; x_wconf 81' lang='lat' dir='ltr'>Qem</span> <span class='ocrx_word' id='word_1_400' title='bbox 642 4222 713 4305; x_wconf 86' lang='lat' dir='ltr'>quia</span> <span class='ocrx_word' id='word_1_401' title='bbox 739 4223 930 4306; x_wconf 88' lang='lat' dir='ltr'>interpretem</span> <span class='ocrx_word' id='word_1_402' title='bbox 947 4237 1063 4284; x_wconf 90' lang='lat' dir='ltr'>tantum</span> <span class='ocrx_word' id='word_1_403' title='bbox 1088 4217 1176 4286; x_wconf 84' lang='lat' dir='ltr'>semel</span> <span class='ocrx_word' id='word_1_404' title='bbox 1189 4236 1278 4303; x_wconf 86' lang='lat' dir='ltr'>ntqne</span> <span class='ocrx_word' id='word_1_405' title='bbox 1292 4223 1411 4289; x_wconf 86' lang='lat' dir='ltr'>iterum</span> 
     </span>
     <span class='ocr_line' id='line_1_47' title="bbox 377 4306 1410 4402; baseline -0.006 -26"><span class='ocrx_word' id='word_1_406' title='bbox 377 4310 564 4378; x_wconf 86' lang='lat' dir='ltr'>defenderim</span> <span class='ocrx_word' id='word_1_407' title='bbox 576 4311 608 4380; x_wconf 87' lang='lat' dir='ltr'>in</span> <span class='ocrx_word' id='word_1_408' title='bbox 621 4307 718 4381; x_wconf 88' lang='lat' dir='ltr'>caussa</span> <span class='ocrx_word' id='word_1_409' title='bbox 731 4309 821 4398; x_wconf 89' lang='lat' dir='ltr'>plane</span> <span class='ocrx_word' id='word_1_410' title='bbox 839 4306 1005 4394; x_wconf 72' lang='lat' dir='ltr'>justissima,</span> <span class='ocrx_word' id='word_1_411' title='bbox 1032 4308 1213 4402; x_wconf 85' lang='lat' dir='ltr'>pericnlum,</span> <span class='ocrx_word' id='word_1_412' title='bbox 1233 4308 1410 4389; x_wconf 71' lang='lat' dir='ltr'>&amp;quidem</span> 
     </span>
     <span class='ocr_line' id='line_1_48' title="bbox 1041 4415 1407 4482; baseline 0.014 -24"><span class='ocrx_word' id='word_1_413' title='bbox 1041 4452 1045 4458; x_wconf 88' lang='lat'><em>.</em></span> <span class='ocrx_word' id='word_1_414' title='bbox 1242 4415 1407 4482; x_wconf 86' lang='lat' dir='ltr'>magnum,</span> 
     </span>
    </p>
   </div>
   <div class='ocr_carea' id='block_1_3' title="bbox 0 0 1476 4884">
    <p class='ocr_par' dir='ltr' id='par_1_5' title="bbox 0 0 1476 4884">
     <span class='ocr_line' id='line_1_49' title="bbox 0 0 1476 4884; baseline 0 0"><span class='ocrx_word' id='word_1_415' title='bbox 0 0 1476 4884; x_wconf 95' lang='lat' dir='ltr'> </span> 
     </span>
    </p>
   </div>
  </div>
 </body>
</html>
