2942 4884
233 191 473 258 ENCOMIA
508 194 757 262 InnusTtt.
794 198 970 270 VIROR.
1059 137 1064 156 Ι

128 313 276 404 Plaudite
296 330 428 398 tyrones.
451 314 552 378 laetare
566 310 736 386 scholastica
751 319 858 402 pubes,
932 373 952 384 ,.
982 349 987 358 ·

179 407 220 466 Et
240 419 363 506 gratum
375 417 461 488 grata
478 403 602 466 concine
616 423 687 466 voce
701 407 806 476 melos.

8 480 10 499 '
129 496 282 555 Setonum
298 486 392 566 sertis,
415 494 574 553 Carterunr
587 509 691 554 ornata
705 497 834 575 corollis,

178 579 279 644 Medis
293 594 328 642 ut
339 581 371 670 in
380 577 477 642 vestro
491 579 661 642 luxurietur
674 601 759 665 agro

223 737 276 801 Ad
285 739 447 802 Hearicum
462 737 617 800 Sartonam
631 739 719 802 Mars
715 743 775 823 esse
776 740 902 826 lderfirm.

132 883 421 1014 ANTE?
310 878 454 969 μειιμιρ*
422 905 470 952 ιιις
490 877 672 943 nussumum
687 880 826 965 lampada
845 885 988 964 Plroebus,
1070 883 1081 938 ἶ

227 970 308 1030 Ante
321 982 389 1051 aget
406 967 536 1049 alipedes
547 967 680 1049 Cynthia
690 967 791 1034 fratris
805 991 921 1056 equos:

130 1059 217 1120 Ante
233 1073 339 1138 pareus
352 1055 475 1138 perimet
484 1057 632 1119 Gerulum
643 1073 730 1120 serra
742 1060 870 1140 leonem,

179 1140 349 1206 Mortuus
335 1165 354 1206 e
364 1143 484 1205 tumulo
496 1139 595 1228 surget
607 1147 638 1206 u
651 1161 721 1208 ante
730 1143 803 1210 suo:

129 1236 238 1320 Qam
253 1231 455 1294 Maclesseldae
468 1251 539 1314 qnae
554 1233 690 1296 trivimus
701 1234 763 1296 otia
777 1235 982 1319 quondamv
1065 1237 1075 1257 '

178 1321 244 1384 Sub
258 1316 460 1395 Brunsuerdo,
482 1320 585 1383 auimo
599 1318 657 1382 siut
671 1321 817 1385 abolenda
828 1343 907 1388 meo.

5 1450 6 1503 3
130 1408 245 1474 Dulcia
262 1405 464 1472 combihimus
477 1427 542 1490 quo
556 1425 737 1492 praeceptore
751 1410 865 1475 fluenta

5 1546 6 1551 1
178 1493 344 1571 Musarum,
367 1495 635 1578 &Clariimyslica
648 1493 808 1562 sacradei,
841 1563 846 1576 ,
875 1513 902 1558 ,ι
1015 1519 1029 1562 2

129 1587 197 1662 llle,
221 1585 272 1648 ille
282 1582 325 1647 esl
339 1583 478 1669 phoenix,
498 1583 717 1666 coryphaeus&
732 1587 854 1664 arbiter,
877 1589 927 1653 ille

5 1688 6 1727 l
178 1673 282 1756 Alpha
296 1669 508 1756 magistrorum
521 1674 590 1753 jure
603 1674 755 1736 vocandus
767 1677 835 1740 erit.

129 1761 188 1826 Ille
202 1760 277 1824 mihi
290 1761 456 1823 cantandus
466 1758 532 1835 erit,
557 1779 612 1823 nec
626 1759 737 1825 definet
752 1783 888 1848 uuquam

179 1850 290 1916 Talem
306 1848 499 1930 (Henrice)
471 1867 570 1912 vrrum
584 1846 681 1911 nostra
697 1844 799 1914 sultare
813 1849 926 1936 chelys.

131 2019 183 2080 De
208 2015 281 2079 libro
295 2016 444 2078 Remberti
461 2011 596 2077 Dodnaei
610 2013 800 2092 Herbariost
788 2038 819 2078 m
834 2015 988 2100 Anglicant

200 2105 310 2168 Idioura
323 2105 361 2167 ab
376 2104 503 2166 Hearico
515 2105 597 2164 Leito
600 2099 725 2212 festcaff
716 2125 762 2166 me
776 2103 920 2167 traduslo.

184 2248 352 2330 Erpetuum
368 2244 422 2308 tibi
436 2265 497 2320 ver,
519 2243 600 2308 liber
612 2243 671 2318 hic,
695 2239 873 2326 philomuse,
894 2240 1050 2330 minillrat,

219 2341 266 2396 Ac
281 2332 451 2418 paradisraci
464 2332 598 2416 germina
613 2334 678 2395 laetat
693 2329 756 2396 soli.

127 2420 302 2487 Herbarum
317 2423 389 2485 huic
405 2421 559 2484 thesaurus
573 2419 654 2495 inest,
678 2418 848 2506 florumque
869 2419 1008 2506 supellex,

175 2510 295 2574 Alcinoi
311 2506 360 2574 hsc
376 2511 482 2572 hortos
497 2507 755 2592 Hesperidumque
766 2509 861 2573 vides.

2 2610 3 2615 ’
125 2601 194 2662 Nec
205 2597 261 2661 flos
276 2597 326 2668 hic
338 2597 422 2674 desrt,
445 2619 500 2661 uec
514 2597 596 2660 sloris
606 2612 694 2681 grata
710 2596 855 2674 venustas,

172 2689 236 2750 Nec
253 2687 338 2762 vires,
363 2707 416 2748 nec
428 2685 512 2762 odor,
534 2703 590 2747 nec
604 2685 751 2747 medicina
766 2685 876 2750 valeus.

123 2777 199 2838 Hoc
212 2777 318 2837 vivunt
332 2775 492 2856 viventque
504 2773 583 2836 libro
597 2773 782 2854 Podalyrius,
805 2773 915 2848 Alcon,

174 2865 383 2946 Hippocrates,
406 2865 504 2936 Paeon,
527 2857 625 2936 Musa,
648 2862 792 2937 Galenus,
816 2863 924 2938 Arabs,

127 2951 307 3032 Phillyrides
322 2951 447 3026 Chiron,
473 2951 663 3033 Epidaurius,
686 2964 778 3031 atque
791 2949 972 3034 Melampus,

2 3060 3 3083 ι
173 3041 313 3116 Gentius,
337 3037 533 3122 Euphorbus,
556 3037 657 3120 Josrna
673 3038 882 3119 Lysimachus,

2 3146 3 3161 ¹
128 3127 299 3209 Telephus,
322 3147 355 3188 ac
368 3124 571 3201 Mithridates,
594 3124 764 3200 Artemifia,
787 3126 929 3201 Achilles,

173 3215 339 3289 Alcibides,
364 3218 488 3290 Hieron,
512 3213 644 3286 Attalus,
667 3215 860 3296 atqueJuba,

2 3298 3 3311 ¹
130 3302 279 3377 Rasrs,&
249 3264 354 3385 &ipse
370 3300 568 3377 Dioscorides,
591 3300 754 3377 Avicenua,
778 3303 937 3376 Machaon,

172 3390 307 3474 Serapio,
332 3389 443 3466 Celsus,
466 3392 571 3468 Varro,
595 3390 779 3468 Joannicius.

129 3479 247 3553 Aetius,
271 3481 427 3562 Aegineta,
452 3478 633 3542 Ruelliusac
648 3472 887 3559 Theophrastus,

172 3571 308 3650 Tragus,
332 3569 515 3649 Averrhoys,
538 3567 661 3640 Plinius,
684 3565 836 3647 Agricola,

127 3657 241 3732 Macer,
265 3654 428 3731 Oribasrus,
453 3651 565 3728 Mesue,
589 3655 620 3715 dr
639 3657 721 3714 Brun
723 3650 822 3715 selsrus
837 3650 945 3725 Orthe,

169 3742 344 3819 Manardus,
368 3745 492 3818 Zerbus,
515 3739 659 3804 Fnchsrus
673 3756 767 3823 atque
782 3740 875 3813 Sethi,
897 3743 898 3746 ’

1 3898 3 3901 ⁴
129 3831 261 3906 Clusius,
285 3852 320 3895 ac
335 3831 516 3914 St'ephanus,
539 3828 734 3892 Matthaeolus
748 3827 778 3892 δι
793 3823 972 3899 Columella,

171 3918 338 3996 Fernelius,
360 3923 479 3998 Pineus,
502 3921 591 3993 Pena,
611 3918 720 3994 Eliora,
745 3916 851 3989 Lobel,
1030 3957 1032 3965 ι

129 4009 465 4083 Lemniusueordus,
489 4005 680 4082 Rondlerius,
704 4004 896 4079 Aurelianus,

170 4097 338 4172 Cardanus,
361 4097 477 4170 Vidius,
500 4096 617 4172 Jnuius,
639 4091 824 4168 llermoleos,

127 4187 291 4260 Turuerus,
315 4186 414 4257 Caius,
433 4183 589 4267 Bullenus,
615 4183 773 4254 Linacrus,
796 4140 941 4250 Alltham,

170 4275 379 4348 Guiutheritu,
402 4270 532 4348 Valleus,
556 4270 697 4353 Uulplrus
686 4307 711 4351 ,
735 4263 953 4353 aphrodiseus,
1027 4353 1119 4423 cmm
