2942 4884
205 205 451 272 uucomrn
474 159 736 274 'renuente
774 210 963 280 vntum*

119 332 165 400 Ad
175 336 354 414 Franciscam
369 331 502 407 Poinum,
524 336 647 412 equitem
657 337 842 424 undequaque
855 339 930 402 clari
948 360 1046 402 rmum.

119 427 216 542 SIC,
238 419 400 495 Francisce,
425 423 483 486 tuis
497 423 606 486 chorus
621 429 754 490 canentis

187 511 292 576 Phoebi
308 510 446 572 laudibus
464 507 587 584 insonat,
611 511 718 578 decora

118 598 157 658 Ut
170 593 196 660 se
210 597 338 681 quisque
350 614 436 679 putet
450 594 522 660 sacti
541 598 636 661 tulisse

118 686 195 748 Vatis
210 690 342 762 nomina,
359 684 561 767 gloriamque,
585 688 615 748 &
630 708 690 752 una

115 775 325 836 Ornamentum
339 773 454 835 hederae
468 770 598 854 sequacis
611 775 738 853 almum,

115 863 143 925 Si
158 876 186 922 te
199 863 328 924 carmine
343 860 456 934 laudet,
480 877 574 935 ornet,
600 862 707 926 effert:

115 953 205 1036 Quem
223 947 330 1022 Musae,
354 947 502 1023 Charites,
526 950 638 1026 Venus,
663 945 805 1034 leposque

114 1036 238 1100 Tollunt
253 1037 405 1099 unanimes
425 1035 462 1098 ad
477 1033 551 1098 astra
566 1036 650 1102 celsa.

115 1121 211 1205 Quare
233 1144 313 1187 nunc
329 1144 393 1186 mea
407 1124 572 1186 candidum
583 1125 695 1190 Thalia

113 1209 250 1274 Persuasit
262 1211 337 1274 mihi
351 1210 498 1274 calculum
513 1207 712 1279 inserendum.

113 1302 178 1384 Qu
191 1297 274 1361 dotes
289 1299 435 1361 celebrem
450 1314 515 1360 tuas
530 1301 703 1384 benignus:

112 1386 224 1448 Gaudes
243 1389 298 1470 qui
318 1387 429 1468 rigidos
444 1388 474 1448 &
490 1388 566 1448 inter
581 1385 681 1450 hostes

112 1474 221 1536 Blando
234 1473 390 1557 Pegasides
405 1474 470 1536 sinu
484 1470 583 1536 fovere
596 1499 607 1547 ;

112 1559 327 1644 Contendisque
342 1562 400 1624 tuis
415 1561 486 1624 dare
500 1561 531 1623 id
546 1561 710 1639 Britannis,

31 1699 32 1710 ,
112 1645 209 1711 Priscis
225 1649 312 1732 quod
327 1649 411 1711 dedit
429 1646 558 1730 inclytus
574 1651 688 1714 Latinis

112 1739 258 1812 Macenas,
282 1734 427 1799 studiosus
443 1737 473 1798 &
488 1739 623 1800 Maronis

112 1825 146 1885 Et
159 1825 253 1889 Flacci
271 1825 357 1907 lyrici
372 1822 450 1887 illius
465 1830 573 1908 podtae.

336 1933 484 2014 Judicium
497 1933 531 1998 de
551 1935 656 2000 Brixia
671 1943 700 2002 <r
716 1938 813 2000 Moru.

112 2039 260 2158 BRixius
274 2035 316 2102 est
330 2039 408 2103 nivei
423 2040 559 2104 candoris
580 2041 697 2124 plenus,
720 2041 751 2104 ἃ
766 2041 815 2105 ille

188 2127 301 2206 Judicii
317 2129 378 2189 veri
392 2128 483 2192 libera
497 2127 586 2192 verba
599 2123 678 2191 serit.

29 2219 31 2280 t
111 2214 220 2278 Brixius
231 2217 361 2298 aequavit
374 2215 490 2278 mellito
502 2219 630 2280 carmine
642 2219 780 2293 Morum,

29 2363 30 2372 ,
148 2303 264 2366 Clarior
275 2303 387 2388 ingenii
400 2304 517 2368 nomine
532 2307 638 2368 Morus
653 2319 726 2368 erat.

28 2399 30 2426 't

458 2417 508 2480 Ad
519 2417 682 2500 Ephesum.

28 2493 30 2518 ἱ
107 2512 273 2640 NAstus
287 2531 474 2599 oportunum
490 2531 616 2600 tempus,
639 2513 768 2578 formose
778 2513 902 2583 salutem

28 2601 29 2654 ἶ
212 2603 362 2666 Lelandus
379 2605 505 2666 multam
524 2603 619 2668 mittit
634 2603 770 2686 Ephoebe
785 2609 850 2672 tibi.

28 2737 29 2778 ἦ
108 2692 166 2755 Nec
179 2691 273 2753 modo
286 2707 443 2754 contentus
457 2689 546 2754 solam
561 2689 812 2769 misissesalutem,

148 2781 236 2842 Dona
250 2781 342 2841 etiam
355 2777 459 2841 studiis
471 2781 564 2842 mittit
579 2779 688 2860 &apta
705 2780 764 2840 tuis
780 2801 788 2844 :

109 2869 219 2948 Nempe
237 2867 296 2929 hoc
310 2865 481 2942 reticulum,
505 2863 628 2930 nervoso
642 2863 763 2929 stamine
778 2865 907 2944 tensum,

28 2961 29 2964 ’
146 2954 273 3018 Bissenus
286 2974 415 3018 numero
429 2951 663 3037 Sequanicasque
679 2954 764 3036 pilas.

28 3115 29 3120 η
111 3044 169 3116 Τιι,
192 3039 264 3116 scio,
286 3039 429 3124 gaudebis
444 3043 550 3105 collato
566 3062 686 3106 munere
701 3062 802 3126 parve,
1003 3053 1007 3073 ¹

148 3128 225 3191 Acst
242 3129 375 3192 misissem
387 3151 522 3213 gemmea
537 3132 616 3193 dona
632 3129 697 3192 tibi.
879 3136 882 3143 “

110 3218 167 3278 Nec
180 3215 241 3278 fine
256 3217 353 3279 caussa
367 3217 517 3300 equidem,
541 3217 561 3280 st
579 3217 701 3280 tandem
711 3215 816 3298 judico
830 3215 917 3295 reste,

147 3300 335 3387 Respondent
350 3307 436 3368 annis
450 3325 575 3368 munera
589 3303 690 3368 nostra
702 3303 789 3368 tuis.¹
875 3336 878 3343 ·

300 3414 350 3478 Ad
364 3417 521 3480 Briennum
537 3415 671 3491 Tuccam,
695 3417 842 3500 Equitem.

112 3513 263 3632 Vlrgiiii
276 3523 397 3578 carmen
411 3517 494 3598 quod
511 3537 571 3580 non
587 3518 740 3580 violaverit
754 3507 843 3600 ignis,

186 3607 293 3665 Tucca
304 3601 404 3665 dedit:
429 3618 461 3665 tu
478 3605 530 3667 das
546 3605 688 3667 Bacchica
704 3600 777 3666 serta
793 3605 878 3668 mihi.
941 3676 946 3683 ⁸

110 3689 239 3775 Qilibet
254 3687 271 3750 ὲ
286 3691 381 3752 dusiis
395 3689 491 3754 versus
506 3689 631 3754 servaret
645 3691 683 3754 ab
698 3693 777 3776 igne,

149 3776 292 3860 Principis
306 3777 348 3840 est
365 3779 504 3842 hederam
520 3777 568 3842 sed
583 3779 714 3842 tribuisse
731 3781 799 3844 viti.

109 3867 227 3950 Qanto
246 3865 378 3948 privatus
393 3869 488 3929 minor
503 3864 596 3930 exstat
612 3868 751 3949 principe,
776 3880 859 3929 tanto

148 3954 247 4034 Major
262 3955 411 4030 Romanu,
433 3956 536 4020 Tucca
548 3955 705 4018 Britannus
721 3956 789 4020 erit.

421 4067 542 4129 Sciurus
558 4062 713 4151 Chrystdis.

111 4167 254 4293 HAstas
270 4169 346 4234 dum
360 4172 454 4274 coryli
469 4171 542 4235 colit
557 4171 721 4274 vibranteis

78 4341 159 4410 Tou·
173 4256 301 4411 Visusus
316 4256 482 4346 testtgerum
497 4279 607 4410 nucept
621 4255 745 4336 sciurus,
