2942 4884
250 139 601 270 assntt'rt'o
651 196 988 261 ananam..
1229 201 1275 283 ‘211

15 339 17 408 t
96 341 180 396 num,
203 321 324 400 enituit,
348 345 412 408 quo
427 339 560 409 tempore
576 323 613 386 ad
631 341 722 390 arma·
736 324 769 388 in
783 326 885 389 Gallos
899 328 1122 394 conclamatum

15 415 16 436 ¹
94 409 146 474 est.
181 409 267 496 Qid
283 411 459 474 Mufiscnm
471 417 593 476 Marte?
616 411 755 498 profedio
770 428 823 478 ant
837 411 952 496 peruia,
970 417 1121 480 autnibill

95 501 125 560 Si
134 496 217 578 justa
233 499 304 562 ellet
320 516 417 562 tamen
431 497 510 564 inter
524 523 574 564 eos
588 497 785 576 consuetudo,
807 520 966 566 exorarent
978 509 1119 579 Martem,

95 603 127 648 nt
140 585 308 650 lua'caulla
323 607 441 672 magnas
456 589 565 652 merito
578 588 689 672 gratias
704 591 970 672 agerentArturio,
986 583 1044 676 qui
1053 615 1120 674 my·

93 672 203 755 ilatum
219 677 348 738 chorum
363 677 518 740 eruditum
531 679 562 739 in
579 679 750 760 Legionutn
764 680 849 754 urbe,
872 677 974 744 savera
988 678 1122 743 referunt
1140 675 1142 681 ¹

92 759 269 839 GalfrednS,
293 768 419 843 Joannes
432 763 602 849 Burgensts,
625 765 767 828 &Rullus
779 767 995 842 Verouicensrs,
1011 786 1063 831 ant
1076 790 1121 830 re-

91 848 245 926 stauravin
269 869 321 914 ant
335 851 472 916 instituit.
519 857 584 916 Hoc
596 852 716 916 interim
731 853 844 916 constat
858 875 896 916 ex
912 859 1061 938 Anonymi
1076 857 1121 918 hi-

15 987 17 996 ,
90 935 187 1015 storia,
203 941 437 1024 Amphibalum,
460 939 589 1022 Julium,
614 942 779 1004 &Aarona
793 960 936 1024 martyres
952 943 1118 1018 Christum,

87 1043 184 1114 atque
212 1029 290 1091 adeo
314 1028 425 1104 literas,
449 1027 480 1091 in
496 1029 570 1092 urbe
586 1031 758 1112 Legionum
780 1028 911 1104 coluisse,
936 1032 1077 1114 {aquibus
1092 1033 1125 1093 ἃ

90 1115 164 1178 alios
187 1113 307 1178 easdem
332 1139 383 1200 per
405 1137 512 1178 manns
533 1115 672 1198 accepille
690 1117 832 1180 credibile
857 1117 909 1180 ett.
956 1117 1006 1180 Est
1020 1123 1050 1181 in
1060 1119 1121 1180 Ar·

88 1203 184 1265 chivis
200 1206 296 1268 etiam
309 1196 432 1268 Crantae
452 1203 624 1266 Girviorum
642 1205 741 1268 tabula
756 1205 928 1288 diplomatis
943 1207 980 1268 ab
995 1207 1127 1268 Arturio

90 1291 259 1374 aliqnando
283 1295 398 1378 erogati
418 1295 447 1354 in
471 1295 599 1376 gratiam
624 1291 831 1357 studiosorum.
891 1293 994 1356 Fidem
1021 1312 1121 1356 tameo

15 1421 16 1432 t
88 1375 160 1442 fatti
185 1401 248 1442 non
265 1383 339 1444 dum
354 1379 422 1445 satis
436 1381 557 1445 excuffi.
602 1371 715 1457 lderus,
738 1380 811 1443 olim
837 1382 935 1444 cultor
950 1383 1122 1444 Artorianae

15 1459 16 1468 ¹
89 1466 165 1528 anlae
178 1467 342 1542 maximus,
367 1467 405 1530 ad
421 1457 732 1552 pugilum'nnmerum
754 1469 877 1533 accedit.
923 1468 1123 1532 HicArtutio

15 1557 16 1562 ’
89 1552 235 1639 sanguine
249 1555 437 1638 conJ'undltts,
461 1557 580 1620 virtutis
595 1555 684 1621 fortia
698 1558 834 1640 exempla
849 1556 943 1618 multa
957 1556 1118 1634 exhibuit;

89 1643 118 1704 a<
131 1645 218 1706 lateri
229 1643 376 1728 Principis
389 1642 431 1707 lui
444 1660 587 1728 perpetuo
596 1645 730 1721 adhaesrt,
747 1666 780 1707 ac
792 1645 924 1720 demum,
949 1643 1044 1709 nescio
1056 1666 1119 1728 quo
1131 1663 1188 1717 1²01.
1198 1675 1262 1728 ,aa

88 1727 168 1806 casu,
192 1734 322 1794 moriens
337 1731 506 1796 maximum
521 1731 564 1795 lui
580 1733 761 1814 defiderinm
771 1735 897 1796 Arturio
912 1733 1040 1816 reliquit,
1064 1733 1120 1817 qni

89 1819 118 1880 dt
142 1819 208 1899 ejus
233 1819 357 1884 sollicite
372 1817 464 1882 funus
487 1822 641 1883 Avnloniae
667 1820 794 1884 curavit·
839 1824 913 1902 Legi
928 1821 1120 1908 Glellobnrgi

89 1905 222 1970 libellum
247 1909 285 1972 de
308 1908 486 1992 antiquitate
513 1907 655 1990 ejusdem,
690 1910 707 1970 a
730 1911 878 1971 monacho
893 1909 1023 1992 quodam
1039 1910 1120 1974 illins

89 1993 144 2058 loci
159 1995 383 2083 diligentiffime
397 1996 568 2072 collestum,
591 2000 622 2058 in
638 2017 701 2080 qtto
725 1997 763 2058 de
790 1996 894 2059 officiis
910 1998 1025 2059 Artutii
1049 2021 1121 2082 erga

89 2081 169 2146 hunc
187 2102 357 2160 mortuum,
382 2087 411 2146 8<
426 2084 630 2150 munificentia
656 2081 786 2166 ejusdem
802 2086 841 2146 ob
857 2088 975 2168 cognati
990 2085 1121 2151 caullatn

88 2171 119 2233 in
145 2175 295 2234 Eremitas
317 2175 478 2235 monachos
503 2171 620 2235 ibidem
641 2172 826 2254 incolenteis,
857 2172 950 2256 multa
977 2173 1117 2254 explicat.

15 2295 16 2326 1
87 2259 291 2342 Appendebat
314 2283 408 2344 nuper
434 2261 535 2322 tabula
548 2259 694 2324 columnae
709 2259 962 2344 Glellobnrgenlis
977 2261 1117 2338 ecclesiae,

15 2355 17 2388 r
87 2368 155 2430 quae
171 2350 297 2412 ldernm
313 2352 389 2412 inter
411 2341 551 2433 patronos
578 2351 607 2410 dc
632 2347 838 2412 restauratores
864 2347 1118 2432 Gleffoburgensts

15 2497 16 2504 ,
87 2435 217 2498 ecclestae
232 2437 418 2501 numerabat.
463 2437 652 2512 Lancelotus,
668 2433 748 2498 fama
761 2435 935 2510 notillimus,
960 2437 1057 2500 locum
1071 2441 1120 2500 ln·

87 2538 130 2586 ter
145 2525 270 2608 Pugiles
286 2526 329 2587 vel
355 2524 521 2588 clariffimos
545 2523 601 2588 stbi
628 2524 692 2587 dari
717 2525 867 2608 postulat:
900 2526 949 2588 cui
969 2542 1025 2608 ego
1044 2541 1120 2588 voto

15 2643 17 2682 t
86 2609 171 2674 facile
186 2633 300 2688 annuo,
324 2612 382 2676 hoc
409 2615 439 2675 ia
455 2613 517 2694 ejus
533 2613 669 2675 disturus
688 2615 880 2691 praeconium,
905 2615 988 2695 quod
1005 2613 1137 2696 infigni·
1176 2637 1201 2654 ··
1264 2621 1269 2630 ’

87 2701 224 2784 quodam
238 2701 366 2764 candore
382 2723 452 2784 erga
466 2703 628 2764 Arturium
642 2698 775 2762 adsedius
792 2699 837 2762 stt.
868 2703 970 2761 Virtus
984 2703 1046 2780 ejus
1061 2703 1116 2764 ab·

15 2831 16 2856 ;
86 2789 167 2850 unde
190 2788 299 2851 enituit
325 2811 361 2852 eo
383 2789 500 2874 proeli0,
523 2787 607 2872 qnod
624 2789 702 2850 inter
718 2785 915 2852 Mordredum
931 2787 1112 2871 proditorem

86 2877 290 2944 &Artorium
304 2876 421 2960 gestum
432 2875 486 2942 est.
525 2875 759 2958 Spperluitvero
774 2897 892 2958 pugnae,
917 2879 955 2948 dt,
981 2874 1114 2940 otlemel

15 3003 16 3038 3
85 2978 177 3047 atque
197 2966 398 3050 iterumdlegi
423 2963 569 3027 transtulit
585 2965 768 3037 Guenhetae,
790 2964 917 3026 amorre
932 2966 1046 3026 Asturii
1062 2985 1113 3026 ve·

85 3052 164 3125 latae,
188 3061 299 3137 c'orpus
314 3055 352 3116 ab
369 3053 519 3116 Ambrosii
534 3055 617 3115 curia
629 3053 665 3112 ad
679 3053 923 3136 Glelloburgnm.
971 3055 1115 3118 ceterum

86 3140 230 3203 Gitaldus
246 3162 308 3204 uno
323 3157 375 3204 aut
390 3139 483 3204 altero
500 3141 567 3204 loco
588 3135 705 3202 vid'etm·
720 3141 834 3222 integre
847 3142 911 3218 ejus
920 3137 1115 3223 sepulturam,

86 3243 119 3290 ut
139 3230 170 3291 in
197 3230 327 3310 Speculo
351 3225 552 3303 ecclesiastico,
577 3229 606 3289 8<
621 3228 650 3288 in
665 3249 754 3310 opere
769 3230 806 3289 de
820 3227 1012 3290 Institutione
1028 3230 1112 3290 Prin·

83 3315 167 3400 cipis,
184 3315 387 3400 Glelsobt'trgo
398 3317 568 3380 attribuere.
606 3315 789 3402 Qanqnam
803 3316 898 3398 magis
910 3317 980 3378 milti
992 3315 1114 3392 arridet,

85 3420 117 3466 nt
127 3407 263 3488 primum
276 3404 443 3468 Ambrostae
459 3405 608 3474 tumulum
623 3406 778 3486 acceperit.
802 3404 998 3477 ,Caradocns
1013 3404 1114 3468 nobile

83 3494 200 3554 virtutis
225 3492 342 3556 bellicae
365 3513 483 3566 nomen,
507 3492 660 3554 Gallicana
683 3492 874 3576 expeditione
889 3496 1047 3572 Artoripm
1067 3488 1111 3554 se·

83 3597 169 3642 cutus
185 3578 238 3654 est,
265 3582 294 3644 8t
317 3581 440 3644 domum
457 3581 571 3642 rediens
586 3582 615 3641 in
630 3601 682 3640 ora
699 3581 853 3660 Rutupina
869 3579 958 3652 bello,
981 3595 1015 3641 ut
1027 3579 1109 3641 vide*-

15 3673 16 3692 ³
84 3681 140 3743 tur,
162 3669 244 3730 civili
260 3666 434 3730 interfedlus
448 3669 499 3730 est.
537 3669 667 3729 Annales
679 3667 823 3730 Durensts
841 3683 954 3748 portus,
971 3670 1047 3748 opus
1058 3689 1110 3730 an·

15 3817 16 3824 ,
84 3758 255 3838 tiquitatem
279 3755 425 3829 redolens,
449 3757 607 3818 meminere
626 3755 775 3817 Carodici.
821 3755 977 3816 Castellani
1000 3755 1110 3818 ibidem

15 3841 16 3854 ¹
83 3845 126 3904 vel
152 3845 247 3906 hodie
271 3843 415 3908 Caradoci
442 3846 615 3906 memoriam
638 3841 785 3916 refricant,
815 3843 961 3924 jadiantes
978 3864 1065 3927 penes
1080 3840 1110 3906 se

15 3979 16 3984 1
82 3931 135 3993 elle
160 3927 347 4022 nescioquas
363 3935 426 4013 ejus
449 3936 582 3994 exuvias.
627 3935 690 3994 Nec
705 3931 744 3992 fic
758 3934 901 4000 contenti,
924 3934 1038 3993 Arturii
1055 3953 1107 3994 au·

84 4019 139 4080 lam
166 4021 196 4082 dc
222 4021 392 4082 Guenltetae
410 4021 586 4083 cubiculum
601 4018 811 4100 deprddicaut.
856 4023 923 4098 Jam
949 4017 1108 4082 illustrium

83 4105 260 4171 bellatorum
278 4109 450 4170 Atturianae
473 4126 581 4170 turmae
599 4129 740 4169 numerus
756 4106 783 4167 se
806 4108 935 4188 ingerit:
969 4104 1018 4168 sed
1041 4127 1107 4189 ego,
1119 4119 1174 4170 fot.
1186 4125 1251 4182 aa.

15 4233 16 4276 1
84 4195 172 4256 modo
192 4197 223 4258 id
240 4193 293 4260 fiat
309 4193 368 4258 stne
382 4216 484 4258 eorum
501 4191 620 4271 offensa,
645 4199 716 4276 quia
732 4192 975 4276 prestantiffimos
992 4212 1109 4258 tantum

83 4283 327 4370 nominandos&
349 4283 561 4352 collaudandos
579 4279 698 4368 suscepi,
721 4283 864 4370 reliquos,
887 4282 1021 4345 laudatos
1037 4282 1109 4344 alio·-

574 4371 647 4440 Da
1043 4371 1108 4453 qul,
