2942 4884
222 255 457 325 uncorum
493 207 749 320 runusrtr.¹
780 255 958 325 utnon.
1157 281 1218 341 101

26 390 27 404 ¹
137 403 185 464 Tu
197 416 244 459 me
260 389 485 456 informandum
498 386 602 450 studiis
615 377 790 451 melioribus
805 385 920 476 ufque¹
987 405 992 422 ‘
1109 405 1223 475 Pet-²⁷·

175 480 304 546 Cnrasti:
327 476 488 542 inllrudor
503 475 609 538 Lillius
622 475 672 538 ille
685 473 756 538 fuit.

137 573 221 652 Cujus
235 571 273 633 ab
287 565 411 630 industri
425 585 496 627 cura
510 564 640 627 didicere
651 564 796 641 Britanni,

172 644 309 721 Facundo
324 655 419 736 pubes
432 646 579 734 ingeniosa
592 652 689 731 loqui.

136 750 178 812 Tu
191 767 238 808 me
255 743 419 805 Socraticos
427 741 568 818 juvenem
584 738 649 819 post
660 740 737 801 inter
751 738 886 807 alumnos

171 838 240 918 Qa
253 833 328 893 nitet
339 830 448 891 eximie
461 829 574 889 Granta
588 826 685 904 beata,
707 827 798 889 locas.

134 921 244 986 Deinde
257 921 346 980 etiam
360 914 482 978 Iliacam
498 913 569 995 petii
580 911 704 976 feliciter
719 915 837 993 urbem,

26 996 27 1005 ἵ
170 1005 324 1070 Exstiniio
339 1007 429 1067 Iceno
439 1000 576 1083 Principe
589 1017 686 1063 morte
699 1021 778 1064 meo.

26 1152 27 1159 ,
135 1096 282 1160 Postremo
293 1093 412 1156 Henrici
426 1091 505 1172 regis
520 1088 592 1151 mihi
606 1091 702 1172 gratia
714 1090 847 1154 multum

26 1234 27 1249 r
172 1180 293 1247 Profuit
308 1179 415 1252 oilavi
437 1175 649 1258 munificaeqne
665 1197 782 1241 manus.

26 1332 27 1339 ,
136 1274 208 1337 Hinc
223 1269 298 1332 mihi
313 1265 390 1329 fasta
400 1264 506 1327 domus
519 1260 647 1326 studiosa
662 1266 793 1340 Lutetia,
817 1262 855 1327 ad
872 1275 1015 1351 unguem‘

26 1360 27 1367 '
173 1357 290 1422 Dodios
304 1374 365 1440 qua
378 1352 458 1416 colui
473 1350 590 1414 sedulus
604 1352 679 1414 urbe
693 1356 792 1415 viros:

136 1448 288 1518 Budaeum,
305 1442 442 1514 Fabrum‚
458 1438 587 1502 Paulum
599 1440 827 1523 AEmiliumque,
838 1441 1053 1528 Ruellumque,

175 1534 307 1597 AEte'rnis
322 1529 408 1613 plane
424 1526 544 1590 nomina
558 1527 649 1610 digna
660 1527 768 1590 cedris.
839 1607 840 1616 ἵ

26 1656 27 1659 “
135 1625 191 1688 Pro
204 1618 348 1704 quibusd
362 1617 472 1679 meritis
487 1614 603 1678 cellabit
616 1612 744 1679 fundere
758 1611 875 1680 summo

26 1704 27 1738 ³
176 1707 300 1773 Lucifer
313 1720 381 1768 ante
396 1701 483 1766 fuum
497 1701 592 1765 clarus
606 1702 644 1765 ab
658 1724 714 1765 axe
728 1703 828 1783 jubar,

26 1804 27 1813 ’
135 1799 264 1883 Impiger
280 1797 310 1860 u
325 1791 437 1857 fluiius
447 1791 520 1852 odio
533 1789 694 1874 delphinus
706 1791 837 1867 habebit,

26 1898 27 1911 ³
177 1878 401 1968 AEqnoreafque
415 1875 503 1942 ferox
513 1875 597 1940 ursus
608 1879 720 1941 amabit
734 1899 839 1961 aquas,

136 1978 248 2072 Qam,
273 1970 350 2031 Milo
360 1968 459 2041 chare,
483 1979 571 2028 tunm
585 1964 701 2028 labatur
716 1966 835 2048 pestore
857 1962 974 2030 nostro'

177 2065 307 2134 Nomen,
329 2055 414 2139 quod
427 2055 520 2138 pietus
535 2050 669 2136 perfovet
687 2049 748 2135 ipsa
762 2052 838 2116 linu.
959 2127 968 2142 l

397 2251 400 2258 .
438 2173 489 2238 Ad
500 2175 624 2238 Petrum
638 2170 782 2240 Vennum.

188 2275 315 2342 Audasti
329 2291 461 2347 tenuem,
484 2273 645 2341 dofiillime
660 2277 760 2351 Petre,
783 2277 963 2340 eamoenam

220 2372 292 2453 Qa
305 2365 398 2427 cecini
410 2366 522 2426 Tnccae
535 2365 657 2426 nomina
666 2364 743 2426 clara
757 2365 828 2429 mei.

136 2451 201 2539 Ipse
216 2471 279 2518 tuae
293 2453 400 2528 mentis
413 2452 531 2513 niveum
545 2450 675 2514 laudabo
688 2451 812 2515 vicillim

178 2541 359 2614 Candorem,
383 2536 470 2602 srmili
484 2559 546 2600 non
558 2538 672 2601 ratione
686 2553 797 2603 tamen.

137 2635 214 2696 Nam
228 2647 299 2692 tuus
314 2627 364 2690 ille
377 2647 453 2688 meae
466 2625 578 2691 candor
591 2627 682 2694 decus
693 2627 803 2690 addere
813 2622 918 2703 Musae,

177 2716 309 2782 Candori
323 2717 433 2800 poterit
447 2714 491 2776 nil
504 2735 570 2778 mea
584 2711 670 2776 Musa
685 2729 749 2778 tuo.

321 2840 492 2904 Gratulutr‘o
506 2839 549 2903 ad
558 2843 681 2905 amicitm
692 2843 746 2922 pro
760 2861 886 2906 munere.

26 2984 27 2995 κ
140 2948 384 3077 TEmporibns
395 2946 479 3010 duris
493 2947 578 3031 quod
592 2962 671 3010 certe
683 2945 779 3010 defuit
794 2965 912 3023 aurum,

229 3040 260 3099 A
274 3036 387 3098 famulo
401 3037 509 3117 accepi,
533 3057 658 3098 munera
672 3051 767 3119 grata,
785 3051 850 3097 tuo.

26 3160 27 3209 p
141 3126 222 3213 Qid
240 3124 295 3187 tibi
310 3143 389 3186 nunc
403 3123 528 3192 reddam
543 3123 596 3186 tali
613 3144 667 3205 pro
681 3144 806 3188 munere
820 3141 941 3196 munus,
963 3158 967 3168 ·

181 3215 305 3276 Mittere
320 3213 528 3294 quumtenuis
543 3210 604 3273 sors
619 3231 692 3286 mea,
717 3232 826 3293 magna
840 3212 943 3272 veteri

142 3303 172 3368 Si
187 3299 322 3383 praestare
336 3318 442 3360 novem
461 3299 620 3381 quicquam
633 3319 684 3381 per
697 3300 827 3360 carmina
841 3293 939 3361 Musae

182 3389 304 3463 Polsrnt,
328 3388 357 3448 &
372 3385 481 3468 siquid
497 3383 598 3448 fautor
609 3385 720 3468 Apollo
735 3405 830 3460 meus,
954 3461 958 3470 ι

142 3475 265 3541 Deseret
278 3489 346 3536 ante
361 3469 425 3536 fuas
436 3471 529 3553 sylvas
544 3473 705 3556 philomela
720 3493 840 3549 canora,

183 3569 287 3649 Qum
302 3583 363 3625 non
376 3560 466 3624 officii
481 3559 534 3624 sim
547 3581 663 3625 memor
677 3557 736 3646 ipse
751 3564 805 3628 tui.

330 3682 381 3747 Ad
392 3682 548 3757 Gunellum,
571 3695 607 3747 ut
617 3684 717 3746 urbem
731 3683 888 3769 relinquat.
958 3658 962 3674 Ι
1130 3699 1239 3767 ragan

150 3807 274 3925 CUR
289 3818 374 3866 tanto
388 3802 488 3866 studio
501 3801 578 3865 colas
590 3802 710 3866 celebris

26 3896 27 3987 ἐ
232 3891 366 3954 Londini
378 3893 474 3954 Aonie
488 3891 641 3972 improbos
656 3891 782 3956 Gonelle

26 3994 27 4057 ᾗ
145 3980 263 4055 Luxus,
285 3978 467 4056 nonvideo3
492 3980 602 4060 quibus
616 3976 734 4041 fovetur

26 4078 27 4155 l
146 4067 263 4152 Corpus
278 4067 477 4142 molliculum,
500 4070 600 4150 ingeni
614 4068 793 4149 impotenter

26 4166 27 4239 l
147 4157 229 4218 Cnra
246 4154 414 4237 posthabita
429 4153 522 4219 facrir
548 4154 593 4215 vel
607 4155 672 4224 illos

26 4260 27 4265 ’
150 4245 212 4305 Cur
226 4261 318 4305 vanos
332 4241 469 4325 strepitus
482 4262 562 4306 ames
576 4238 710 4324 superbae
836 4269 838 4276 s

26 4400 27 4407 ἵ
149 4330 249 4408 Urbis,
259 4329 458 4416 multiloquus
466 4325 541 4395 'licet
554 4327 692 4416 popellus

280 4436 299 4485 2
460 4476 462 4479 ,
