2942 4884
231 198 294 269 ¹52

414 195 417 205 =
505 172 544 260 J,
581 170 824 250 aetnam
860 173 1209 262 narranaam

393 301 524 372 Senserat
537 302 594 365 hoc
608 321 711 386 regum
724 301 780 383 qm'
795 301 1033 384 prudentissumus
1049 326 1139 383 unus,

379 443 383 453 .
437 396 483 457 Te
497 390 646 454 famulum
660 386 761 452 fautor
775 388 989 476 constituitque
1003 389 1100 457 suum.

391 485 513 568 Qanta
526 477 608 560 apud
623 477 708 538 iilam
722 476 758 538 sit
773 491 825 538 tua
839 498 921 544 nnnc
936 481 984 544 vel
996 481 1092 565 gratia
1106 473 1251 567 flagrana

436 568 575 630 Testatur
591 563 700 628 resonis
712 564 780 626 aula
794 583 901 629 canora
911 568 1022 632 modia.

393 657 449 720 Ilia
464 654 587 738 quidem
602 667 637 714 ut
650 652 742 726 sileat,
766 648 829 716 sum
845 651 925 718 testis
939 657 1047 722 certior
1063 653 1146 742 ipser
1207 671 1216 682 ⁸

439 738 639 806 Commendas
654 740 717 823 regi
730 761 857 806 munera
874 741 971 807 nostra
987 760 1051 810 tuo.

396 833 472 898 Hinc
494 850 541 891 me
555 824 716 911 conspicuo
734 825 891 892 collustrat
906 830 1017 895 lumine
1037 831 1184 910 Phoebus,

438 914 639 982 Promovet&
653 913 780 978 caussam
794 918 889 1000 gratia
905 918 1014 984 blanda
1032 939 1141 986 meam.

392 1011 475 1093 Qas
490 1003 545 1067 tibi
560 1023 639 1066 nunc
649 1000 774 1066 reseram
787 1024 844 1086 pro
859 1005 911 1070 tali
928 1007 1048 1090 pastore
1062 1007 1185 1092 grater?

439 1089 556 1159 Diciris
571 1088 666 1155 Mose
678 1089 774 1175 gloria
793 1111 902 1177 magna
917 1117 1004 1161 meae.

659 1205 708 1266 De
721 1201 880 1286 Gallofrido
892 1204 1045 1270 Chaucero.

467 1315 576 1376 UUM
595 1311 697 1374 virum
712 1326 784 1376 teres
799 1311 917 1376 Atticus
932 1311 1069 1398 lepdretn

491 1400 655 1474 Invenisset,
678 1400 708 1466 8t
723 1400 923 1482 undecunque
933 1407 1072 1468 Graecam

397 1489 549 1572 Linguam
563 1487 749 1571 perpoliisset,
771 1483 928 1554 insolenter

396 1577 540 1640 Audebat
553 1576 693 1658 reliquos,
710 1575 802 1638 rodes
813 1595 929 1642 vocare.

397 1661 650 1743 Cujusjudicium
665 1663 793 1746 impiger
807 1665 954 1750 Qirinus
1069 1715 1076 1736 ,.

396 1748 518 1815 Intenso
532 1748 631 1812 studio
644 1745 778 1832 sequens,
801 1753 943 1818 Latinum

397 1842 571 1902 Sermonem
584 1855 707 1922 quoque
719 1835 847 1902 reddidit
861 1839 1030 1916 venustum,

397 1928 520 1989 Etcum
531 1927 651 2001 Graeco,
674 1925 746 1988 alios
761 1925 850 1988 rudes
865 1931 992 1992 vocavit.

344 2077 349 2086 ,
397 2017 444 2078 At
456 2029 572 2096 quanto
586 2014 659 2076 mihi
678 2012 787 2082 restius
801 2010 921 2076 videtur

398 2103 507 2166 Fecisse
521 2100 655 2164 officium
669 2093 758 2164 suum
772 2097 899 2166 disertus

398 2191 581 2265 Chaucerus,
605 2187 751 2252 brevitate
766 2191 879 2273 primus
890 2203 960 2272 apta

399 2279 552 2362 Linguam
566 2279 619 2360 qni
635 2277 761 2358 patriam
776 2276 890 2360 redegit
903 2275 985 2341 illam

398 2369 433 2428 ln
446 2367 582 2436 sormam,
606 2382 641 2425 ut
656 2363 769 2429 Venere
784 2363 813 2427 dt
827 2363 929 2446 lepore
939 2361 1050 2444 multo,

399 2449 443 2514 Ut
459 2455 553 2516 multo
566 2450 634 2526 sale,
656 2453 812 2534 gratiique
827 2451 932 2530 multa,

327 2572 331 2583 ·
399 2541 538 2614 Luceret,
561 2539 642 2601 velut
654 2532 794 2620 hesperus
805 2539 920 2602 minora

399 2632 481 2690 Inter
493 2628 584 2689 sidera
598 2630 608 2686 ἓ
634 2643 688 2688 nec
700 2640 797 2689 tamen
809 2625 953 2708 superbus

401 2717 529 2797 Linguae
540 2713 707 2776 barbariem
716 2715 905 2796 exprobravit
920 2709 975 2781 tilii

400 2806 490 2865 Genti
505 2829 513 2863 ι
539 2819 598 2865 tam
613 2801 704 2864 facilis
717 2799 786 2876 soit,
805 2799 1027 2886 benignusque.

401 2891 483 2973 Ergo
499 2911 551 2952 voa
558 2894 680 2970 juvenes
694 2906 787 2950 manu
802 2888 938 2954 Britanni

295 3049 303 3066 ‚
400 2981 486 3040 Laeta
499 2972 624 3061 spargite
636 2995 714 3040 nunc
728 2972 805 3038 rosas
817 2973 908 3038 suive
1030 3020 1033 3030 .

400 3064 569 3148 8ρὶῐειηῑες,,
587 3062 735 3146 violasque
750 3061 920 3126 molliores:

400 3157 442 3214 Et
453 3151 548 3214 vestro
563 3151 631 3214 date
645 3151 775 3212 candido
787 3153 884 3233 podrae

399 3237 570 3313 Formosam
580 3259 618 3302 ex
631 3239 738 3302 hedera
750 3239 800 3302 citi
813 3255 964 3303 coronam.

554 3353 604 3418 Ad
611 3352 788 3416 trichordum
802 3353 1016 3434 Mauriſsmum,
1037 3345 1182 3434 Equitem.

465 3464 587 3528 Radidit
602 3463 700 3528 Isracis
715 3479 766 3525 tua
780 3465 908 3525 carmIna
920 3460 1062 3525 candidus
1075 3456 1189 3543 hospes,

486 3553 619 3614 Herdum
630 3550 713 3632 jusso
727 3570 796 3634 quae
812 3551 887 3634 pede
901 3548 979 3610 sosia
992 3563 1116 3612 canunt.
1180 3573 1183 3580 ·

401 3639 614 3722 judiciumque
625 3657 729 3701 meum
742 3639 895 3722 quaerebat
904 3634 1021 3700 sedulus
1035 3635 1128 3713 idem,

445 3725 602 3790 Ascribens
617 3724 711 3788 Musra
726 3746 787 3787 non
803 3723 960 3788 tribuenda
971 3725 1054 3787 meis.

401 3818 475 3879 Haec
486 3815 534 3876 cui
549 3833 641 3896 pauca
654 3811 779 3895 quidem
794 3813 858 3874 dixi
876 3833 930 3896 pro
945 3803 1112 3895 tempore't.
1124 3813 1145 3844 “
1161 3828 1221 3873 non
1236 3803 1302 3878 suto
1329 3865 1335 3874 .

449 3911 471 3938 “
484 3904 564 3966 mter
576 3899 760 3963 Aristarchos
772 3900 879 3984 dignos
897 3899 1005 3962 habere
1015 3898 1151 3960 locont;”

403 3991 488 4074 Qrin
502 3987 590 4052 alacri
605 3989 705 4072 potins
719 3987 844 4052 testabar
857 3988 967 4072 gaudia
976 3985 1074 4061 vultu,

447 4073 558 4138 Ansam
568 4097 618 4138 me
633 4078 762 4138 numetis
777 4074 855 4138 sorte
869 4075 981 4138 dedisse
995 4073 1065 4136 tuis.

404 4164 492 4227 Unde
507 4163 590 4245 quod
605 4161 665 4246 ipse
678 4163 749 4225 rodi
763 4163 924 4226 cecinissem
935 4161 1076 4235 carmine,
1098 4159 1241 4246 qnodque
1319 4209 1323 4216 .

404 4317 409 4326 ,
453 4249 642 4336 θειὶρΐιίΐεω,
666 4253 744 4317 irato
760 4265 865 4336 terque
877 4251 1125 4342 quaterqdctDco
1138 4249 1156 4310 :⁰
1222 4317 1228 4326 ‚
1278 4297 1317 4398 ..s

396 4345 407 4362 ⁴
990 4365 992 4370 '
1318 4351 1344 4398 U
