2942 4884
152 247 230 330 tto

238 1566 243 1580 =
334 1639 385 1704 13.

529 255 805 322 atcnnnot
850 197 1097 352 annuant

303 423 306 429 ·
371 377 424 446 16.
449 381 817 460 GuilielmusWhitacres,
834 387 964 472 Collegii
977 390 1137 454 Trinitatis
1150 391 1267 486 Sosius,
1285 391 1362 455 Pro·

325 469 414 537 sessor
428 473 554 554 Regius,
580 477 612 536 S.
628 475 740 536 Theos.
760 476 815 550 Dr,
833 477 893 537 Mt.
916 479 1010 561 1586.
1114 513 1116 521 ·

374 581 425 637 17.
449 559 621 624 Richardus
634 560 764 643 Cluytotr
776 579 862 625 natus
878 565 959 646 apud
972 567 1107 648 Laylantl
1119 568 1147 628 in
1161 569 1248 629 Com.
1264 571 1361 628 Lanc.

326 646 377 712 hic
389 649 503 723 Socios,
527 651 558 710 S.
573 649 684 712 Theos.
701 653 758 725 Dr,
781 647 798 711 i:
818 651 962 735 Magistro
977 654 1162 738 Magdalensr
1178 653 1364 721 constitutus

326 735 388 799 suit
399 735 509 800 Cusios
520 735 610 816 huius
621 737 751 821 Collegii
768 757 860 824 1595,
878 745 1128 805 Procancellarius
1145 742 1238 827 1605,
1251 742 1365 832 Archi·

278 865 292 895 v·
327 825 473 888 diaconus
485 825 648 888 Liitcolniae
663 845 696 888 ac
708 829 848 890 Decanus
865 829 1120 914 Petroburgeusts.

375 917 426 976 18.
447 913 554 975 Qe'nus
580 912 682 994 Gttyn
709 915 1008 992 Catnbrobritanuus,
1033 941 1072 981 ex
1098 917 1227 999 equestri
1252 915 1366 978 familia

327 1016 504 1085 prognatus,
527 1000 656 1085 Collegii
671 1006 789 1078 Socios,
813 1009 844 1068 S.
867 1005 979 1069 Theos.
997 1011 1052 1082 Dr,
1077 1006 1189 1069 elesius
1204 1004 1263 1068 suit
1284 1007 1367 1066 Prae-

325 1087 424 1152 sessus
451 1109 500 1152 an.
526 1091 619 1154 Dom.
653 1087 747 1168 1612,
781 1093 1030 1158 Procanceilarius
1058 1094 1151 1172 1616,
1185 1085 1303 1158 Reoor‘
1326 1093 1367 1154 de

442 1453 632 1562 Collegium
651 1453 690 1536 S.
700 1457 854 1581 'Murice
871 1457 1103 1565 Magdalenae
1132 1487 1251 1572 1519.

490 1622 532 1684 tc
547 1601 632 1683 locus
647 1633 712 1682 turn
727 1619 858 1702 primum
871 1616 950 1682 sacer
965 1619 1115 1684 emicuisse
1123 1619 1250 1690 videtur,
1267 1629 1367 1697 quum

511 1708 701 1771 celeberrima
730 1708 781 1769 illa
805 1707 986 1772 Monastcria
1013 1709 1137 1770 Ordinis
1165 1703 1366 1776 Benediiiini,

331 1791 460 1874 Eliense,
480 1794 668 1870 Ramistense,
684 1793 892 1871 &illasdensu
917 1799 972 1858 triu
990 1797 1039 1858 hic
1058 1794 1193 1869 aedilicia,
1217 1793 1269 1855 ubi
1281 1805 1370 1852 antea
1433 1833 1440 1850 .

318 1885 363 1948 ¹8.
379 1885 497 1971 AEgidii
507 1885 661 1949 Prioratus
675 1883 805 1960 efloruit,
830 1879 883 1946 suo
899 1883 1035 1946 instituto
1045 1881 1114 1946 satis
1129 1883 1298 1953 commoda,
1316 1899 1368 1960 pe·

334 1974 433 2036 cuniis
447 1974 576 2058 propriis
591 1989 815 2054 compararunt,
839 1988 874 2035 ut
896 1969 1018 2036 suorum
1033 1971 1266 2042 Monachorurn,
1291 1965 1375 2028 ficut'

330 2063 511 2128 Benediiius
526 2075 631 2136 unqe,
656 2063 690 2124 P.
701 2063 735 2124 P.
756 2080 848 2142 1300.
866 2081 917 2142 per
943 2062 1078 2142 diploma
1103 2057 1251 2143 concessit,
1276 2053 1368 2117 essent

330 2153 568 2233 receptaculum,
593 2149 689 2228 (unde
703 2151 925 2214 Monachorum
940 2151 1068 2231 angulus
1084 2151 1245 2210 etiamnum
1261 2142 1368 2226 appel·

306 2255 308 2259 ’
332 2239 450 2322 litatur)
474 2242 529 2324 qui
544 2240 604 2301 huc
619 2258 775 2320 promote
795 2237 874 2300 illius
891 2237 1000 2314 Seculi,
1024 2235 1098 2301 ficut
1122 2238 1199 2298 olim
1221 2230 1368 2294 Monachi

333 2326 578 2410 croylandenses,
600 2326 638 2387 ad
652 2324 751 2392 sacros
775 2325 937 2388 literatum
954 2323 1052 2388 fontes
1076 2321 1267 2386 imbibendos
1292 2336 1365 2381 coo·

288 2435 291 2443 ¹
332 2430 486 2478 venerant.
538 2413 687 2477 Sacratior
709 2434 780 2476 vero
808 2413 863 2475 else
888 2415 981 2496 coepit
1010 2411 1167 2496 postquam
1195 2404 1370 2472 Edwardus

334 2501 466 2568 Stafford
483 2499 560 2584 35³⁵·
576 2503 652 2563 Dux
663 2499 918 2586 Buckinghamiae,
944 2505 1054 2564 Comes
1069 2498 1247 2570 staffordiae,
1274 2499 1369 2557 Here·
1425 2551 1427 2554 ,

332 2588 452 2668 sordiae,
484 2593 514 2653 St
534 2589 807 2670 Northamptoniae,
832 2589 981 2651 Dominus
1005 2589 1170 2650 Brechiniae
1193 2589 1222 2647 dt
1239 2583 1370 2647 Holder·

330 2677 441 2754 nesstae,
463 2679 584 2742 Ordinis
598 2678 760 2766 Georgiani
784 2677 912 2752 sodalis,
936 2679 966 2739 &
990 2677 1126 2740 Henrico
1142 2689 1212 2755 71110·
1240 2672 1257 2734 ὲ
1284 2675 1370 2734 Con·

331 2765 411 2842 liliis,
433 2771 531 2831 Heros
554 2766 646 2849 longe
669 2763 932 2839 Honoratislimus,
958 2765 1022 2826 haec
1047 2768 1103 2828 tria
1128 2761 1255 2827 aedificia
1270 2760 1371 2842 pretio

331 2854 450 2935 indisso
470 2853 668 2939 acquisiverit,
692 2855 722 2918 in
738 2850 987 2914 Academicorum
1007 2855 1132 2936 gratiam
1157 2849 1371 2921 construxerit,

331 2943 504 3026 Aulumque
514 2937 831 3025 Buckinghamiensem
841 2939 951 3003 dixerit
966 2962 1014 3002 ao.
1028 2943 1121 3004 Dom.
1139 2960 1230 3024 1519-
1248 2939 1278 3000 st
1291 2953 1372 2998 anno

332 3031 433 3114 Regni
444 3025 537 3116 Regis
543 3028 960 3092 Henrictottatiundecimo.
997 3027 1122 3090 Posthac
1134 3029 1271 3090 Thomas
1290 3026 1373 3094 Baro

332 3118 456 3200 Audley
470 3120 508 3181 de
519 3117 658 3191 Walden,
676 3121 819 3178 Summus
831 3116 948 3198 Angliae
961 3115 1171 3194 Cancellarius,
1196 3116 1272 3198 Regi
1286 3115 1371 3178 Hen-

333 3204 399 3269 rico
413 3207 530 3269 Oilavo
544 3212 560 3269 'a
575 3205 723 3280 Consiliis,
747 3204 868 3267 Ordinis
880 3205 1033 3266 Gartherii
1043 3197 1155 3287 Eques,
1179 3204 1269 3284 hujus
1283 3201 1373 3263 Aulae

357 3295 537 3358 atrocinium
553 3314 587 3356 ac
601 3294 819 3376 Fundatiooern
835 3294 995 3354 autoritate
1011 3307 1077 3356 tum
1090 3292 1194 3375 Regia,
1220 3307 1287 3352 turn
1300 3292 1373 3351 Par-

334 3315 508 3446 iamentaria
526 3382 660 3445 munitus
676 3383 800 3463 accepit,
823 3378 1052 3464 Collegiumque
1073 3385 1107 3452 S.
1122 3383 1228 3442 Matiae
1243 3377 1374 3460 Magda-

335 3469 412 3534 lenae
425 3492 474 3535 atr.
494 3473 699 3555 Dom.·1542.
715 3469 890 3542 nominavit,
914 3487 1029 3530 necnon
1042 3485 1176 3530 retrusae
1189 3480 1374 3540 tenemento,

242 3601 246 3611 ·
335 3559 478 3642 parcellas
493 3559 647 3622 Priotatus
661 3559 692 3621 S.
705 3554 866 3621 Trinitatis
882 3558 1023 3632 Londini,
1041 3555 1148 3619 dedit:
1172 3557 1255 3638 quod
1266 3553 1378 3616 scilicet

219 3719 224 3723 ,
336 3646 527 3730 Magdalenae
553 3666 663 3712 nomeu
689 3644 828 3728 (Anglice
853 3647 1103 3732 mrumst-rt)
1125 3643 1296 3706 fundatoris
1321 3659 1377 3722 nq-

335 3754 406 3797 men
427 3734 571 3809 continet,
603 3731 722 3796 duabus
745 3730 761 3794 i
786 3730 885 3794 fronte
911 3731 940 3793 δι
967 3729 983 3792 ti
1010 3747 1097 3816 tergo
1118 3733 1211 3796 literis
1237 3729 1375 3811 adjesiis.

335 3823 441 3905 Atque
456 3824 515 3885 hoc
529 3823 652 3884 unicum
666 3819 708 3891 est
723 3819 921 3901 Gymnasium
938 3817 1210 3895 Transcantanum,
1234 3817 1337 3893 idest,
1360 3817 1378 3880 ai

340 3911 447 3974 Cantae
461 3910 595 3972 flumiois
609 3913 674 3992 ripa
685 3910 804 3970 Boreali
820 3907 907 3970 situm
923 3933 930 3968 t
955 3910 1033 3970 circa
1048 3929 1139 3990 quem
1155 3910 1258 3970 locum
1274 3905 1378 3990 priscae

339 3996 434 4061 Urbis
459 3994 654 4060 Cantabrica
678 3995 800 4079 vestigia
824 3996 949 4059 libenter
973 3993 1177 4081 agnoscemus,
1215 3997 1236 4058 fi
1266 4016 1378 4058 monu-

339 4099 442 4147 menta
452 4085 549 4148 indies
558 4081 666 4157 effossa,
691 4085 762 4160 ossa,
785 4088 918 4166 inquam,
941 4103 1011 4167 quae
1026 4086 1099 4159 vidi,
1114 4085 1198 4168 quast
1213 4085 1377 4166 Gigantea,

339 4174 593 4249 &Romanorum
607 4189 874 4256 nummos'magna
889 4175 976 4255 copia
997 4171 1113 4245 ibidem
1141 4175 1277 4238 inventos
1303 4169 1379 4234 serio

340 4260 593 4345 contemplemur.
626 4261 699 4333 ,Sed
714 4261 806 4340 hujus
818 4263 990 4324 Maecenatis
1000 4281 1080 4322 mors
1095 4262 1249 4344 inopinata
1265 4263 1297 4323 in
1315 4279 1378 4330 tun·

244 4432 249 4437 .
339 4361 409 4415 tum
420 4348 550 4438 Collegii
563 4349 791 4426 incommodum
801 4349 991 4430 redundavit,
1007 4364 1041 4414 ut
1054 4348 1108 4414 nisi
1121 4353 1223 4416 Socios
1234 4364 1378 4432 quatuor,

576 4481 579 4485 <
1014 4453 1017 4456 ”
1113 4496 1118 4504 ,
1218 4457 1379 4522 unumque
