2942 4884
182 209 233 280 tc
304 237 310 244 ·
486 215 516 299 J.
563 216 818 279 unnunnr
860 166 1215 305 narrounnrr

367 355 454 422 Adsis
468 355 587 420 laetitiae
595 372 689 439 pater,
714 359 744 420 8<
760 354 922 440 spumantia
935 355 1030 423 musta

410 450 490 533 Qae
506 460 555 506 tua
570 443 638 508 sunt
653 446 736 528 larga
751 465 874 508 munera
887 443 982 508 funde
996 467 1097 510 manu.

365 537 507 616 Namque
521 533 649 595 domum
664 533 754 596 rediit
771 532 891 617 longum
911 531 1098 616 exspeslatus
1112 536 1249 600 amicus:
1310 524 1315 541 '

408 619 514 687 Fausta
529 621 603 683 mihi
617 623 749 698 numeris
763 620 906 683 omnibus
920 619 973 684 ista
988 623 1063 688 dies.

481 731 532 796 Ad
542 733 712 796 Gulielmum
726 732 917 810 Guntaridcn,
939 736 1064 798 amicum
1072 732 1194 820 fideliffi

363 845 439 992 Ο
459 844 614 927 Qantum
630 841 680 904 illa
699 843 762 905 dies
777 839 890 927 semper
905 843 979 905 mihi
993 840 1088 906 fausta
1100 841 1239 922 colenda,

502 933 580 1016 Qae
595 929 695 994 studio
709 931 813 1010 junxit
829 929 949 1013 pediora
961 930 1059 994 nostra
1074 935 1159 1014 pari!

349 1020 444 1100 ,Nam
460 1033 532 1080 tunc
546 1016 732 1100 Pymplaeum
747 1033 880 1082 montem
893 1016 1087 1083 conscendere
1105 1021 1241 1104 primum

261 1183 263 1190 Ι
410 1105 559 1181 Conabar,
581 1103 667 1168 sacris
685 1107 799 1190 tingere
813 1108 843 1168 8(
857 1125 910 1168 ora
923 1107 1017 1170 vadis.
1160 1102 1168 1115 ’

365 1196 457 1258 Tunc
477 1195 567 1256 etiam
581 1196 696 1256 Aonios
712 1210 829 1256 montes
846 1192 968 1257 lustrare
981 1194 1135 1278 parabam,

410 1281 547 1342 Nominis
569 1299 603 1342 ac
623 1281 740 1355 urbem,
764 1281 870 1357 Pallas,
892 1283 976 1346 adire
991 1284 1047 1344 tui.

366 1368 594 1452 Denique‘tunc
612 1367 736 1431 dotium
746 1362 906 1443 Phrebum,
930 1366 1091 1453 doiiasque
1103 1367 1218 1434 sorores
1351 1438 1360 1448 „

408 1457 480 1519 Vidi
499 1457 692 1540 Aganippaeae
714 1458 848 1540 margine
869 1457 954 1520 laetus
972 1478 1069 1541 aquae.

364 1545 473 1608 Omnia
487 1565 554 1626 quae
570 1543 625 1606 tibi
639 1565 728 1620 nunc,
752 1544 913 1620 Gulielme,
937 1563 1057 1629 accepta
1070 1544 1188 1622 referre,

408 1629 520 1708 Nostra,
530 1631 614 1714 cupit
627 1631 714 1714 plena
726 1632 889 1716 Calliopeia
904 1634 985 1696 tuba.
1304 1634 1306 1636 ’

443 1736 445 1748 .
463 1757 514 1820 Ad
525 1759 664 1842 Cygnum,
688 1755 722 1818 de
743 1759 978 1842 commigratione
991 1759 1146 1841 Masticana
1167 1757 1210 1822 ad

546 1851 549 1858 ⁴
633 1849 823 1908 Graatanam
837 1843 1030 1911 Academiam.

445 1953 620 2039 Oiiiloquas
639 1953 753 2032 constat
772 1976 980 2038 peramoenum
990 1955 1133 2020 Helicona
1145 1953 1262 2020 sorores

497 2047 574 2105 Cum
592 2043 668 2106 duce
682 2043 822 2127 laurigeri
832 2041 986 2107 deseruisse
999 2045 1093 2108 chori.

366 2131 501 2194 Candide
516 2128 565 2194 sed
582 2133 699 2192 tandem
712 2129 765 2194 scis
775 2153 839 2214 quo
852 2153 931 2194 nunc
946 2136 1052 2214 Cygne
1065 2134 1221 2215 migrarint
1234 2137 1247 2196 i

409 2219 502 2282 Recta
518 2219 555 2282 ad
570 2224 746 2296 Grautanus,
770 2220 847 2282 tedia
863 2218 980 2295 diserta,
1003 2216 1127 2282 scholas.

266 2395 268 2402 ·
358 2350 408 2416 Ad
418 2347 700 2436 munficcntifflmum
716 2353 877 2414 Hearicum
892 2314 1052 2431 Οὲῖτιυιιιῃ,ιι
1068 2351 1181 2436 Angliae
1195 2354 1315 2436 Regma.

262 2533 272 2540 ⁴
366 2465 488 2612 Dll
509 2463 562 2522 tibi
583 2459 654 2521 dent
674 2480 789 2536 omnes,
813 2463 880 2522 Rex
893 2457 1237 2542 illustrisfime,parvum

496 2550 669 2622 Henricum,
693 2545 800 2610 referat
819 2549 873 2630 qui
895 2552 985 2628 patris
1007 2569 1059 2612 ota
1073 2544 1129 2611 sui.

368 2640 422 2704 Dii
438 2638 491 2702 tibi
514 2635 585 2699 dent
607 2637 681 2719 patri
698 2638 811 2717 pattiae,
835 2635 956 2698 feliciter
970 2635 1022 2698 illa

410 2729 518 2789 Vivere
530 2726 666 2807 Cecropii
677 2721 773 2786 secula
786 2725 877 2806 longa
892 2720 975 2786 senis.
1088 2803 1093 2806 μ

102 2882 105 2888 ,
159 2829 247 2894 enge.
365 2815 420 2886 Dii
439 2815 495 2877 tibi
517 2812 589 2874 dent
611 2812 681 2874 fidei
697 2813 797 2884 tutori,
822 2812 955 2873 Maxime
969 2812 1116 2896 princepS,

307 2973 309 2981 ,
412 2907 455 2964 Ut
469 2900 586 2962 faveant
602 2900 677 2961 votis
692 2900 807 2980 optima
821 2919 950 2982 quaeque
965 2901 1035 2963 tuis.

408 2991 472 3074 Qri
488 2987 570 3061 facis,
594 3002 630 3049 ut
643 2985 771 3060 faveant,
790 2983 875 3048 fulvo
888 2988 1025 3070 regaliter
1043 3007 1128 3065 auro,

412 3077 534 3143 Affidue
550 3077 627 3138 votis
648 3077 765 3158 optima
780 3090 908 3158 quaeque
923 3077 1006 3137 meis.

720 3196 798 3258 Laus
814 3195 943 3274 historia·
1049 3194 1053 3200 ’

450 3300 561 3366 Istotiae
575 3303 748 3384 quicunque
761 3304 846 3382 cupit
860 3298 1033 3385 cognoscere
1046 3299 1149 3367 laudes

493 3392 637 3464 Eximius,
661 3387 761 3451 nostro
775 3392 906 3450 carmine
923 3388 1029 3450 doctus
1044 3391 1110 3451 erit.

364 3479 456 3566 Qod
477 3475 518 3542 sul
534 3479 663 3539 aethereo
684 3474 800 3557 praestat
815 3476 1031 3556 pulcherrimus
1050 3475 1132 3552 orbi,

378 3642 383 3662 x
409 3567 445 3630 ld
465 3564 569 3628 nolitis
590 3562 704 3648 praestat
722 3562 825 3626 usibus
844 3561 974 3626 historia.

522 3700 572 3766 Act
583 3702 754 3770 Camenam,
779 3709 814 3760 ut
830 3696 1004 3758 Martialem
1015 3695 1140 3777 salatet.

366 3817 402 3966 Ι
426 3807 667 3897 Νιιηε-Ῥεςεῖεο
687 3810 782 3894 gradu
806 3813 961 3885 Camoena,

237 3965 258 3984 ,,
311 3917 319 3926 ’“
430 3907 469 3966 Et
490 3901 573 3966 dotti
595 3915 663 3984 pete
682 3899 760 3962 tesia
773 3898 932 3962 Martialis.

351 3996 424 4060 Scis
440 4006 473 4053 tu
494 4004 576 4053 certo
594 3987 648 4054 uui
663 3986 742 4048 finti
766 3987 908 4066 viamque
922 3983 1021 4049 nosti?

361 4077 492 4161 Volsaegi
506 4077 621 4140 aedibus
635 4075 770 4154 adjacent
788 4071 928 4155 potentis,

360 4171 424 4255 Qi
441 4186 521 4228 nunc
535 4164 581 4226 vel
594 4163 691 4244 Tyrio
705 4161 820 4224 relucet
835 4157 927 4224 ostro.

361 4258 427 4322 Illic
442 4269 474 4315 tu
490 4251 583 4316 facilis
597 4249 676 4314 fores
691 4246 828 4312 modesto

362 4341 495 4410 Pulsabis
511 4341 618 4428 digito,
642 4357 761 4422 rogans,
785 4350 947 4420 patronum
1027 4339 1034 4346 ’
