2942 4884
166 119 179 138 ”
304 169 475 248 erran
519 107 672 246 cono..
711 171 947 250 tenore·¹

158 297 334 383 Caussaque
346 297 501 372 vindicem,
514 295 555 358 ¹&
568 298 743 371 innooenrlae
757 319 843 372 mem,

90 380 105 395 '
157 391 233 452 Sane
248 403 343 470 utque
356 387 474 462 vadam,
497 385 575 446 vado
590 385 685 468 plane,
708 402 803 455 artent
816 388 956 458 Aulicam

156 476 232 540 Aliis
247 476 429 560 relinquens,
453 471 568 554 semper
581 471 699 547 exosam
714 475 800 542 mihi.

202 564 348 626 Praemilsa
362 583 461 646 quum
475 575 563 643 puto,
585 582 740 646 quamque
754 564 840 630 nihili
855 563 926 628 stem
940 567 1096 654 homulus,

155 647 347 738 Qantisque
362 649 470 734 pressus
486 651 603 724 mentis,
627 652 727 729 animi,
750 653 780 714 a
794 656 929 736 corporis

157 738 408 814 Infirmitatibus;
432 737 517 822 Qid
530 733 575 817 eli
588 737 706 802 homo?
729 742 807 827 Qir
821 761 879 826 ego

157 821 242 890 Inter
257 827 392 889 homines
407 830 417 887 ἓ
443 826 592 907 (inquam)
617 840 652 888 ut
665 825 783 898 labores
798 844 845 892 tot
859 829 976 908 adeam,

157 919 324 997 Tantoque
338 935 408 978 cum
422 911 549 975 successu
563 916 574 974 i
598 915 748 995 Equidem
764 917 858 983 homo
869 917 913 984 est
927 924 1059 1003 tanitaq-
1081 933 1084 940 '

155 1003 385 1082 Vaniffimaque
392 1021 451 1085 ego
463 1001 600 1065 vanitas:
634 1002 721 1078 Tibi,
745 1007 886 1080 Domine,

159 1093 204 1154 Sit
218 1091 291 1166 laus,
315 1092 424 1164 honor,
447 1087 554 1172 gloria,
579 1089 716 1170 poteslas,
740 1090 919 1172 dominium,

157 1183 193 1249 ln
207 1176 324 1242 secula!
350 1179 429 1240 Mihi
445 1198 510 1240 mea
524 1175 644 1240 remitte
659 1179 781 1253 debita!

201 1271 320 1350 Neque,
344 1264 449 1328 Laude
462 1263 708 1342 reverendissime,
730 1269 909 1338 meritissima
922 1271 956 1338 ἃ·

158 1355 266 1419 Laude
279 1353 460 1439 spoliandus,
483 1349 538 1414 sub
553 1355 631 1426 Deo,
655 1356 685 1417 ἃ
700 1371 823 1438 propter
838 1361 941 1424 Deum
951 1380 962 1422 a:

156 1447 266 1528 Neque
279 1464 331 1504 vos
345 1439 420 1514 mihi
435 1439 590 1504 fideliffimi
610 1442 640 1502 a
653 1442 813 1512 chariffimi

158 1535 248 1596 Braie
268 1532 297 1592 a
314 1534 426 1594 Bakere
440 1527 532 1612 scipio
549 1528 682 1592 Senetiae
699 1539 793 1614 meael

157 1625 187 1684 A
205 1634 289 1703 patre
305 1615 552 1680 misricordiarum
568 1618 598 1678 in
614 1617 691 1680 Filio

158 1712 216 1771 Per
231 1705 378 1789 Spiritum
392 1705 477 1768 vobis
490 1704 663 1786 rependitor
676 1705 757 1770 bona

157 1793 313 1870 Mensura,
337 1793 495 1876 coagitata
510 1790 607 1873 super,
630 1796 661 1854 &
675 1792 819 1861 effluens!

204 1887 333 1966 Jamque
351 1885 431 1944 intro
450 1881 608 1964 periodum
622 1881 763 1946 ultimam
777 1885 856 1946 uitae¹
868 1905 951 1962 meat,

159 1971 337 2053 Completur
351 1989 463 2044 annus;
485 1967 614 2031 alterum
627 1985 662 2030 ut
676 1967 789 2051 sperem
805 1971 885 2036 haud
897 1973 968 2038 finit

160 2063 290 2143 Corpus.
337 2061 419 2122 Deus
434 2076 504 2120 vero
519 2069 564 2118 tot
576 2077 669 2119 annos
682 2056 798 2122 addidit

162 2151 273 2210 Praeter
287 2144 376 2228 spem,
400 2161 435 2207 ut
448 2145 531 2208 haud
544 2145 630 2208 liceat
643 2147 762 2228 penitus
776 2145 833 2212 esse
847 2144 908 2212 fine
926 2143 987 2232 spe.

157 2238 323 2318 Utcunque
333 2233 384 2296 fiet
398 2233 440 2308 id,
463 2253 568 2316 quaeve
580 2253 628 2297 me
640 2253 761 2316 cunque
775 2249 923 2312 maneant,

158 2323 211 2388 Ad
226 2323 286 2386 huc
301 2319 452 2396 molestiae,
475 2320 604 2396 labores,
627 2318 772 2399 miletiae;

159 2408 315 2494 IpseTibi
330 2420 388 2485 me,
412 2410 544 2472 Domine
554 2411 649 2483 Deus,
672 2430 797 2494 meaque
814 2409 914 2476 omnia
1018 2455 1023 2472 .

158 2496 330 2584 Qaesum,
353 2497 459 2572 habeo,
484 2496 610 2580 possum,
634 2498 711 2562 Tibi
724 2497 806 2572 dedi,
828 2499 881 2574 do,
903 2495 994 2566 dabo·
1038 2501 1111 2567 Tua

159 2581 248 2663 Sunt,
272 2589 388 2650 Tua&
403 2600 501 2650 eruut.
546 2587 679 2670 Dignare
693 2586 784 2650 modo
798 2585 955 2672 disponere

160 2677 221 2738 Pro
235 2671 414 2737 misricordia
428 2689 491 2749 tua,
514 2693 584 2756 qua
597 2674 728 2738 maxima

159 2763 212 2826 Ad
227 2761 356 2844 gloriam
369 2757 511 2844 ejusdem,
533 2757 719 2844 salutemque
733 2755 840 2838 miseri,

160 2854 205 2914 Ut
220 2850 278 2912 five
292 2853 388 2913 vivam
403 2849 462 2914 five
475 2851 587 2912 moriar
604 2847 657 2916 sim
674 2864 755 2924 tuus,

160 2942 198 3001 Iu
220 2959 350 3022 paceque
362 2937 483 3021 fineque
504 2934 641 3001 scandalo
662 2935 801 3002 claudam
815 2935 955 3006 ultimum

50 3040 53 3044 ’
160 3027 275 3102 Diem;
299 3026 509 3109 sepulturaque
521 3023 644 3089 honesta
662 3023 744 3090 haud
761 3031 896 3090 caream!
921 3030 1038 3092 Amen!

205 3113 376 3198 Collegium
397 3133 476 3176 exuo
490 3112 558 3193 Julii
575 3111 733 3209 vigesimo.
1158 3111 1250 3194 1640.

158 3201 295 3266 Domum
313 3218 393 3286 peto.
439 3197 834 3281 Valetudinariushyemern

158 3291 242 3374 Ago.
287 3291 483 3352 Parliamento
494 3281 586 3355 ‘fidem
601 3285 679 3351 facio
691 3288 729 3350 ad
752 3289 808 3352 iter

157 3377 213 3440 Me
226 3376 281 3440 esse
295 3377 466 3454 inhabilem.
509 3377 645 3440 Primatis
661 3377 692 3439 in
707 3396 754 3439 me
767 3376 1005 3444 odium-interim
1022 3379 1052 3444 a

159 3464 304 3527 Midensrs
326 3465 407 3530 haud
428 3467 562 3548 languet.
586 3464 724 3548 (Subige,
749 3468 844 3542 Deua,
867 3468 1019 3553 animosi)

160 3553 289 3636 Collegii
305 3553 381 3616 male
394 3552 586 3615 administrati
606 3573 727 3635 arguor.
886 3613 888 3621 ,

162 3640 270 3728 (Qud
285 3640 337 3723 ipli
353 3642 515 3724 adegerant
536 3634 733 3704 miserrimum
747 3642 778 3703 in
792 3639 902 3706 statum

159 3732 230 3812 Ego
245 3733 472 3811 reparaverant.)
495 3731 593 3790 Bicius
608 3744 696 3812 urget
710 3732 857 3794 Domum.
870 3797 874 3804 ,

160 3818 227 3880 Sub
241 3815 378 3883 Seffionia
393 3817 493 3889 finem,
516 3816 554 3878 ad
568 3837 650 3878 arma
665 3813 791 3880 serviens

159 3905 307 3980 Mittitur,
330 3904 470 3988 adestque
485 3906 586 3967 Martii
603 3925 682 3968 nono
696 3904 755 3967 die.

160 3995 197 4054 In
213 3992 295 4054 mille
316 3992 397 4054 libris
411 3994 582 4074 obligamur
603 4013 662 4073 ego
676 3992 706 4054 ἂ
720 4011 804 4057 meus

160 4083 302 4145 Decanus
318 4082 346 4142 8c
361 4083 540 4153 Fraecentor,
564 4081 601 4142 ad
616 4100 725 4162 corpus
741 4099 843 4142 meum

160 4169 344 4230 Dedendum
359 4170 396 4230 ad
411 4191 492 4230 arma
509 4166 641 4231 servienti
657 4169 730 4249 Maii

164 4257 322 4338 Sequentia
338 4255 507 4324 undecimo.
549 4255 670 4321 Adrolo
692 4255 894 4342 Dublinium3

2 4374 3 4439 3
117 4346 280 4411 nour.
607 4344 660 4410 ut
711 4438 712 4441 p
1091 4342 1148 4424 wtn
