<?xml version="1.0" encoding="UTF-8"?>
<!DOCTYPE html PUBLIC "-//W3C//DTD XHTML 1.0 Transitional//EN"
    "http://www.w3.org/TR/xhtml1/DTD/xhtml1-transitional.dtd">
<html xmlns="http://www.w3.org/1999/xhtml" xml:lang="en" lang="en">
 <head>
  <title>
</title>
<meta http-equiv="Content-Type" content="text/html;charset=utf-8" />
  <meta name='ocr-system' content='tesseract 3.04.00' />
  <meta name='ocr-capabilities' content='ocr_page ocr_carea ocr_par ocr_line ocrx_word'/>
</head>
<body>
  <div class='ocr_page' id='page_1' title='image "./joannislelandia15lelagoog_0068.png"; bbox 0 0 2942 4884; ppageno 0'>
   <div class='ocr_carea' id='block_1_1' title="bbox 464 241 560 340">
    <p class='ocr_par' dir='ltr' id='par_1_1' title="bbox 464 241 560 340">
     <span class='ocr_line' id='line_1_1' title="bbox 464 241 560 340; baseline 0 -20"><span class='ocrx_word' id='word_1_1' title='bbox 464 241 560 340; x_wconf 61' lang='lat' dir='ltr'>ea</span> 
     </span>
    </p>
   </div>
   <div class='ocr_carea' id='block_1_2' title="bbox 369 743 654 806">
    <p class='ocr_par' dir='ltr' id='par_1_2' title="bbox 369 743 654 806">
     <span class='ocr_line' id='line_1_2' title="bbox 369 743 654 806; baseline -0.007 -7"><span class='ocrx_word' id='word_1_2' title='bbox 369 743 476 799; x_wconf 71' lang='lat' dir='ltr'>fol.</span> <span class='ocrx_word' id='word_1_3' title='bbox 502 750 581 806; x_wconf 83' lang='lat'>36.</span> <span class='ocrx_word' id='word_1_4' title='bbox 600 746 654 797; x_wconf 87' lang='lat' dir='ltr'>b.</span> 
     </span>
    </p>
   </div>
   <div class='ocr_carea' id='block_1_3' title="bbox 364 3412 650 3475">
    <p class='ocr_par' dir='ltr' id='par_1_3' title="bbox 364 3412 650 3475">
     <span class='ocr_line' id='line_1_3' title="bbox 364 3412 650 3475; baseline 0.01 -15"><span class='ocrx_word' id='word_1_5' title='bbox 364 3412 475 3467; x_wconf 75' lang='lat' dir='ltr'>Fol.</span> <span class='ocrx_word' id='word_1_6' title='bbox 499 3430 576 3475; x_wconf 81' lang='lat'>3⁷·</span> <span class='ocrx_word' id='word_1_7' title='bbox 599 3415 650 3463; x_wconf 90' lang='lat' dir='ltr'>b.</span> 
     </span>
    </p>
   </div>
   <div class='ocr_carea' id='block_1_4' title="bbox 1004 228 2436 336">
    <p class='ocr_par' dir='ltr' id='par_1_4' title="bbox 1004 228 2436 336">
     <span class='ocr_line' id='line_1_4' title="bbox 1004 228 2436 336; baseline 0.001 -25"><span class='ocrx_word' id='word_1_8' title='bbox 1004 253 1066 331; x_wconf 89' lang='lat' dir='ltr'>J.</span> <span class='ocrx_word' id='word_1_9' title='bbox 1162 228 1659 316; x_wconf 68' lang='lat' dir='ltr'>LELA&#39;N&#39;Di</span> <span class='ocrx_word' id='word_1_10' title='bbox 1749 248 2436 336; x_wconf 66' lang='lat' dir='ltr'>ANTIQUARH</span> 
     </span>
    </p>
   </div>
   <div class='ocr_carea' id='block_1_5' title="bbox 686 376 2757 1958">
    <p class='ocr_par' dir='ltr' id='par_1_5' title="bbox 686 376 2757 1958">
     <span class='ocr_line' id='line_1_5' title="bbox 690 376 2751 467; baseline -0.001 -21"><span class='ocrx_word' id='word_1_11' title='bbox 690 379 1035 467; x_wconf 82' lang='lat' dir='ltr'>episcopum</span> <span class='ocrx_word' id='word_1_12' title='bbox 1080 376 1487 452; x_wconf 79' lang='lat' dir='ltr'>Menevensem</span> <span class='ocrx_word' id='word_1_13' title='bbox 1536 380 1746 442; x_wconf 82' lang='lat' dir='ltr'>Romae</span> <span class='ocrx_word' id='word_1_14' title='bbox 1815 379 2055 445; x_wconf 80' lang='lat' dir='ltr'>sollicite</span> <span class='ocrx_word' id='word_1_15' title='bbox 2116 381 2426 447; x_wconf 61' lang='lat' dir='ltr'>trafiabat.</span> <span class='ocrx_word' id='word_1_16' title='bbox 2517 376 2751 466; x_wconf 74' lang='lat' dir='ltr'>Atque,</span> 
     </span>
     <span class='ocr_line' id='line_1_6' title="bbox 691 464 2752 552; baseline -0.001 -18"><span class='ocrx_word' id='word_1_17' title='bbox 691 486 764 534; x_wconf 84' lang='lat' dir='ltr'>ut</span> <span class='ocrx_word' id='word_1_18' title='bbox 811 469 1150 551; x_wconf 81' lang='lat' dir='ltr'>antiquiora</span> <span class='ocrx_word' id='word_1_19' title='bbox 1195 484 1483 549; x_wconf 86' lang='lat' dir='ltr'>repetam,</span> <span class='ocrx_word' id='word_1_20' title='bbox 1530 464 1886 532; x_wconf 79' lang='lat' dir='ltr'>Ptolemaeus</span> <span class='ocrx_word' id='word_1_21' title='bbox 1933 468 2241 544; x_wconf 68' lang='lat' dir='ltr'>LucenES,</span> <span class='ocrx_word' id='word_1_22' title='bbox 2287 472 2393 552; x_wconf 86' lang='lat' dir='ltr'>qui</span> <span class='ocrx_word' id='word_1_23' title='bbox 2432 469 2577 532; x_wconf 83' lang='lat' dir='ltr'>vitas</span> <span class='ocrx_word' id='word_1_24' title='bbox 2622 474 2752 532; x_wconf 90' lang='lat' dir='ltr'>Ro·</span> 
     </span>
     <span class='ocr_line' id='line_1_7' title="bbox 690 553 2757 638; baseline -0.001 -18"><span class='ocrx_word' id='word_1_25' title='bbox 690 577 1009 620; x_wconf 87' lang='lat' dir='ltr'>manorum</span> <span class='ocrx_word' id='word_1_26' title='bbox 1064 553 1419 638; x_wconf 85' lang='lat' dir='ltr'>pontificum</span> <span class='ocrx_word' id='word_1_27' title='bbox 1460 553 1697 637; x_wconf 78' lang='lat' dir='ltr'>scripsit,</span> <span class='ocrx_word' id='word_1_28' title='bbox 1747 557 1808 618; x_wconf 86' lang='lat' dir='ltr'>in</span> <span class='ocrx_word' id='word_1_29' title='bbox 1860 557 2204 619; x_wconf 82' lang='lat' dir='ltr'>Eleutherio</span> <span class='ocrx_word' id='word_1_30' title='bbox 2250 574 2468 632; x_wconf 85' lang='lat' dir='ltr'>narrat,</span> <span class='ocrx_word' id='word_1_31' title='bbox 2514 573 2585 619; x_wconf 88' lang='lat' dir='ltr'>ut</span> <span class='ocrx_word' id='word_1_32' title='bbox 2629 575 2757 619; x_wconf 79' lang='lat' dir='ltr'>tres</span> 
     </span>
     <span class='ocr_line' id='line_1_8' title="bbox 691 642 2751 727; baseline 0 -17"><span class='ocrx_word' id='word_1_33' title='bbox 691 646 1016 709; x_wconf 85' lang='lat' dir='ltr'>Britanniae</span> <span class='ocrx_word' id='word_1_34' title='bbox 1047 642 1498 706; x_wconf 84' lang='lat' dir='ltr'>Protoflamines</span> <span class='ocrx_word' id='word_1_35' title='bbox 1550 642 1810 707; x_wconf 78' lang='lat' dir='ltr'>conversi</span> <span class='ocrx_word' id='word_1_36' title='bbox 1860 644 1973 707; x_wconf 75' lang='lat' dir='ltr'>lint</span> <span class='ocrx_word' id='word_1_37' title='bbox 2021 646 2080 705; x_wconf 90' lang='lat' dir='ltr'>in</span> <span class='ocrx_word' id='word_1_38' title='bbox 2131 646 2385 707; x_wconf 89' lang='lat' dir='ltr'>totidem</span> <span class='ocrx_word' id='word_1_39' title='bbox 2436 643 2751 727; x_wconf 85' lang='lat' dir='ltr'>archiepis·</span> 
     </span>
     <span class='ocr_line' id='line_1_9' title="bbox 690 731 2751 817; baseline -0.001 -21"><span class='ocrx_word' id='word_1_40' title='bbox 690 750 898 817; x_wconf 75' lang='lat' dir='ltr'>cop03.</span> <span class='ocrx_word' id='word_1_41' title='bbox 990 731 1346 794; x_wconf 89' lang='lat' dir='ltr'>Londinum</span> <span class='ocrx_word' id='word_1_42' title='bbox 1378 734 1441 793; x_wconf 95' lang='lat' dir='ltr'><strong>T</strong></span> <span class='ocrx_word' id='word_1_43' title='bbox 1447 748 1841 794; x_wconf 82' lang='lat' dir='ltr'>renovantum</span> <span class='ocrx_word' id='word_1_44' title='bbox 1894 735 1953 794; x_wconf 88' lang='lat'>&amp;</span> <span class='ocrx_word' id='word_1_45' title='bbox 1992 733 2338 796; x_wconf 78' lang='lat' dir='ltr'>Eboracum</span> <span class='ocrx_word' id='word_1_46' title='bbox 2390 735 2751 816; x_wconf 81' lang='lat' dir='ltr'>Brigantum</span> 
     </span>
     <span class='ocr_line' id='line_1_10' title="bbox 691 816 2749 904; baseline -0.002 -18"><span class='ocrx_word' id='word_1_47' title='bbox 691 822 804 886; x_wconf 89' lang='lat' dir='ltr'>hac</span> <span class='ocrx_word' id='word_1_48' title='bbox 833 818 1084 884; x_wconf 76' lang='lat' dir='ltr'>indubie</span> <span class='ocrx_word' id='word_1_49' title='bbox 1115 816 1505 900; x_wconf 85' lang='lat' dir='ltr'>splendebant</span> <span class='ocrx_word' id='word_1_50' title='bbox 1557 816 1870 901; x_wconf 86' lang='lat' dir='ltr'>dignitate.</span> <span class='ocrx_word' id='word_1_51' title='bbox 1962 821 2083 884; x_wconf 89' lang='lat' dir='ltr'>Ubi</span> <span class='ocrx_word' id='word_1_52' title='bbox 2118 821 2309 904; x_wconf 89' lang='lat' dir='ltr'>igitur</span> <span class='ocrx_word' id='word_1_53' title='bbox 2337 818 2495 881; x_wconf 87' lang='lat' dir='ltr'>sedes</span> <span class='ocrx_word' id='word_1_54' title='bbox 2525 824 2699 882; x_wconf 84' lang='lat' dir='ltr'>tertia</span> <span class='ocrx_word' id='word_1_55' title='bbox 2729 826 2749 881; x_wconf 89' lang='lat'>?</span> 
     </span>
     <span class='ocr_line' id='line_1_11' title="bbox 690 905 2752 992; baseline -0.001 -19"><span class='ocrx_word' id='word_1_56' title='bbox 690 910 819 982; x_wconf 88' lang='lat' dir='ltr'>ubi,</span> <span class='ocrx_word' id='word_1_57' title='bbox 851 907 959 970; x_wconf 80' lang='lat' dir='ltr'>nisi</span> <span class='ocrx_word' id='word_1_58' title='bbox 990 910 1050 968; x_wconf 87' lang='lat' dir='ltr'>in</span> <span class='ocrx_word' id='word_1_59' title='bbox 1080 905 1364 968; x_wconf 82' lang='lat' dir='ltr'>Cambria</span> <span class='ocrx_word' id='word_1_60' title='bbox 1391 909 1413 966; x_wconf 88' lang='lat'>?</span> <span class='ocrx_word' id='word_1_61' title='bbox 1461 907 1605 992; x_wconf 84' lang='lat' dir='ltr'>Qa</span> <span class='ocrx_word' id='word_1_62' title='bbox 1635 924 1822 989; x_wconf 83' lang='lat' dir='ltr'>parte,</span> <span class='ocrx_word' id='word_1_63' title='bbox 1852 923 1924 971; x_wconf 88' lang='lat' dir='ltr'>ut</span> <span class='ocrx_word' id='word_1_64' title='bbox 1945 928 2061 991; x_wconf 87' lang='lat' dir='ltr'>ego</span> <span class='ocrx_word' id='word_1_65' title='bbox 2082 906 2303 982; x_wconf 74' lang='lat' dir='ltr'>sileam,</span> <span class='ocrx_word' id='word_1_66' title='bbox 2337 905 2495 969; x_wconf 89' lang='lat' dir='ltr'>testis</span> <span class='ocrx_word' id='word_1_67' title='bbox 2526 909 2585 970; x_wconf 82' lang='lat' dir='ltr'>8c</span> <span class='ocrx_word' id='word_1_68' title='bbox 2609 911 2752 992; x_wconf 87' lang='lat' dir='ltr'>qui-</span> 
     </span>
     <span class='ocr_line' id='line_1_12' title="bbox 689 991 2753 1078; baseline 0 -18"><span class='ocrx_word' id='word_1_69' title='bbox 689 997 827 1060; x_wconf 87' lang='lat' dir='ltr'>dem</span> <span class='ocrx_word' id='word_1_70' title='bbox 859 995 1197 1058; x_wconf 86' lang='lat' dir='ltr'>luculentus</span> <span class='ocrx_word' id='word_1_71' title='bbox 1228 991 1310 1056; x_wconf 85' lang='lat' dir='ltr'>est</span> <span class='ocrx_word' id='word_1_72' title='bbox 1344 994 1711 1058; x_wconf 88' lang='lat' dir='ltr'>Trittemius</span> <span class='ocrx_word' id='word_1_73' title='bbox 1741 994 1804 1058; x_wconf 89' lang='lat' dir='ltr'>in</span> <span class='ocrx_word' id='word_1_74' title='bbox 1834 995 2215 1078; x_wconf 86' lang='lat' dir='ltr'>Compendio</span> <span class='ocrx_word' id='word_1_75' title='bbox 2243 994 2575 1063; x_wconf 70' lang='lat' dir='ltr'>annalium.</span> <span class='ocrx_word' id='word_1_76' title='bbox 2644 999 2753 1060; x_wconf 86' lang='lat' dir='ltr'>An</span> 
     </span>
     <span class='ocr_line' id='line_1_13' title="bbox 691 1080 2754 1168; baseline -0.001 -20"><span class='ocrx_word' id='word_1_77' title='bbox 691 1106 816 1148; x_wconf 93' lang='lat' dir='ltr'>non</span> <span class='ocrx_word' id='word_1_78' title='bbox 851 1084 1076 1168; x_wconf 88' lang='lat' dir='ltr'>pudeat</span> <span class='ocrx_word' id='word_1_79' title='bbox 1105 1080 1489 1144; x_wconf 88' lang='lat' dir='ltr'>Gulielmum</span> <span class='ocrx_word' id='word_1_80' title='bbox 1529 1085 1787 1144; x_wconf 86' lang='lat' dir='ltr'>Parvum</span> <span class='ocrx_word' id='word_1_81' title='bbox 1822 1083 2248 1166; x_wconf 80' lang='lat' dir='ltr'>praeceptorem</span> <span class='ocrx_word' id='word_1_82' title='bbox 2278 1096 2401 1144; x_wconf 90' lang='lat' dir='ltr'>tam</span> <span class='ocrx_word' id='word_1_83' title='bbox 2438 1103 2589 1145; x_wconf 87' lang='lat' dir='ltr'>vana</span> <span class='ocrx_word' id='word_1_84' title='bbox 2629 1087 2754 1146; x_wconf 91' lang='lat' dir='ltr'>Po-</span> 
     </span>
     <span class='ocr_line' id='line_1_14' title="bbox 690 1169 2754 1254; baseline -0 -18"><span class='ocrx_word' id='word_1_85' title='bbox 690 1172 904 1254; x_wconf 85' lang='lat' dir='ltr'>lydoro</span> <span class='ocrx_word' id='word_1_86' title='bbox 934 1169 1074 1233; x_wconf 90' lang='lat' dir='ltr'>disci</span> <span class='ocrx_word' id='word_1_87' title='bbox 1085 1169 1246 1252; x_wconf 84' lang='lat' dir='ltr'>pu10‚</span> <span class='ocrx_word' id='word_1_88' title='bbox 1278 1170 1461 1254; x_wconf 87' lang='lat' dir='ltr'>longe</span> <span class='ocrx_word' id='word_1_89' title='bbox 1487 1189 1560 1232; x_wconf 92' lang='lat' dir='ltr'>eo</span> <span class='ocrx_word' id='word_1_90' title='bbox 1583 1170 1917 1245; x_wconf 83' lang='lat' dir='ltr'>eruditiori,</span> <span class='ocrx_word' id='word_1_91' title='bbox 1948 1171 2258 1234; x_wconf 79' lang='lat' dir='ltr'>inculcass&#39;e</span> <span class='ocrx_word' id='word_1_92' title='bbox 2288 1171 2310 1231; x_wconf 73' lang='grc' dir='ltr'><strong><em>ἓ</em></strong></span> <span class='ocrx_word' id='word_1_93' title='bbox 2358 1173 2513 1239; x_wconf 85' lang='lat' dir='ltr'>Ecce</span> <span class='ocrx_word' id='word_1_94' title='bbox 2541 1187 2754 1235; x_wconf 87' lang='lat' dir='ltr'>autem</span> 
     </span>
     <span class='ocr_line' id='line_1_15' title="bbox 689 1257 2752 1342; baseline -0 -19"><span class='ocrx_word' id='word_1_95' title='bbox 689 1259 854 1323; x_wconf 83' lang='lat' dir='ltr'>aliud</span> <span class='ocrx_word' id='word_1_96' title='bbox 883 1279 956 1322; x_wconf 86' lang='lat' dir='ltr'>ex</span> <span class='ocrx_word' id='word_1_97' title='bbox 980 1259 1096 1320; x_wconf 89' lang='lat' dir='ltr'>alio</span> <span class='ocrx_word' id='word_1_98' title='bbox 1119 1257 1360 1321; x_wconf 85' lang='lat' dir='ltr'>malum.</span> <span class='ocrx_word' id='word_1_99' title='bbox 1450 1261 1753 1341; x_wconf 87' lang='lat' dir='ltr'>Acceptus</span> <span class='ocrx_word' id='word_1_100' title='bbox 1782 1278 1945 1325; x_wconf 90' lang='lat' dir='ltr'>error</span> <span class='ocrx_word' id='word_1_101' title='bbox 1974 1257 2160 1342; x_wconf 87' lang='lat' dir='ltr'>usque</span> <span class='ocrx_word' id='word_1_102' title='bbox 2190 1258 2343 1320; x_wconf 84' lang='lat' dir='ltr'>adeo</span> <span class='ocrx_word' id='word_1_103' title='bbox 2365 1259 2585 1321; x_wconf 89' lang='lat' dir='ltr'>multos</span> <span class='ocrx_word' id='word_1_104' title='bbox 2612 1261 2752 1340; x_wconf 86' lang='lat' dir='ltr'>jam</span> 
     </span>
     <span class='ocr_line' id='line_1_16' title="bbox 687 1344 2754 1427; baseline -0.002 -14"><span class='ocrx_word' id='word_1_105' title='bbox 687 1347 919 1422; x_wconf 84' lang='lat' dir='ltr'>infecit,</span> <span class='ocrx_word' id='word_1_106' title='bbox 965 1361 1039 1408; x_wconf 89' lang='lat' dir='ltr'>ut</span> <span class='ocrx_word' id='word_1_107' title='bbox 1068 1346 1173 1408; x_wconf 84' lang='lat' dir='ltr'>vix</span> <span class='ocrx_word' id='word_1_108' title='bbox 1213 1345 1338 1406; x_wconf 84' lang='lat' dir='ltr'>ullo</span> <span class='ocrx_word' id='word_1_109' title='bbox 1367 1344 1692 1420; x_wconf 84' lang='lat' dir='ltr'>helleboro,</span> <span class='ocrx_word' id='word_1_110' title='bbox 1739 1348 1919 1408; x_wconf 86' lang='lat' dir='ltr'>etiam</span> <span class='ocrx_word' id='word_1_111' title='bbox 1968 1345 2011 1408; x_wconf 78' lang='lat' dir='ltr'>si</span> <span class='ocrx_word' id='word_1_112' title='bbox 2062 1348 2408 1427; x_wconf 85' lang='lat' dir='ltr'>Anticyram</span> <span class='ocrx_word' id='word_1_113' title='bbox 2456 1361 2754 1427; x_wconf 86' lang='lat' dir='ltr'>peterent,</span> 
     </span>
     <span class='ocr_line' id='line_1_17' title="bbox 687 1422 2746 1519; baseline -0.002 -18"><span class='ocrx_word' id='word_1_114' title='bbox 687 1437 919 1501; x_wconf 86' lang='lat' dir='ltr'>malum</span> <span class='ocrx_word' id='word_1_115' title='bbox 946 1431 1317 1496; x_wconf 84' lang='lat' dir='ltr'>medicabile.</span> <span class='ocrx_word' id='word_1_116' title='bbox 1408 1436 1492 1494; x_wconf 90' lang='lat' dir='ltr'>Et</span> <span class='ocrx_word' id='word_1_117' title='bbox 1524 1450 1717 1496; x_wconf 90' lang='lat' dir='ltr'>tamen</span> <span class='ocrx_word' id='word_1_118' title='bbox 1746 1422 1979 1499; x_wconf 74' lang='lat' dir='ltr'>int&#39;erim</span> <span class='ocrx_word' id='word_1_119' title='bbox 2011 1442 2337 1517; x_wconf 82' lang='lat' dir='ltr'>coguntur,</span> <span class='ocrx_word' id='word_1_120' title='bbox 2378 1430 2569 1496; x_wconf 90' lang='lat' dir='ltr'>nescio</span> <span class='ocrx_word' id='word_1_121' title='bbox 2614 1457 2746 1519; x_wconf 87' lang='lat' dir='ltr'>qua</span> 
     </span>
     <span class='ocr_line' id='line_1_18' title="bbox 686 1519 2751 1604; baseline 0.001 -21"><span class='ocrx_word' id='word_1_122' title='bbox 686 1524 948 1586; x_wconf 79' lang='lat' dir='ltr'>&#39;violenta</span> <span class='ocrx_word' id='word_1_123' title='bbox 979 1519 1355 1594; x_wconf 67' lang='lat' dir='ltr'>auftoritate,</span> <span class='ocrx_word' id='word_1_124' title='bbox 1402 1521 1480 1583; x_wconf 84' lang='lat' dir='ltr'>de</span> <span class='ocrx_word' id='word_1_125' title='bbox 1508 1537 1868 1604; x_wconf 79' lang='lat' dir='ltr'>praeceptore</span> <span class='ocrx_word' id='word_1_126' title='bbox 1899 1523 2047 1586; x_wconf 90' lang='lat' dir='ltr'>bene</span> <span class='ocrx_word' id='word_1_127' title='bbox 2075 1521 2306 1585; x_wconf 80' lang='lat' dir='ltr'>sentire.</span> <span class='ocrx_word' id='word_1_128' title='bbox 2399 1524 2595 1583; x_wconf 87' lang='lat' dir='ltr'>Duras</span> <span class='ocrx_word' id='word_1_129' title='bbox 2628 1524 2751 1586; x_wconf 76' lang='lat' dir='ltr'>esse</span> 
     </span>
     <span class='ocr_line' id='line_1_19' title="bbox 746 1606 2751 1693; baseline -0 -20"><span class='ocrx_word' id='word_1_130' title='bbox 746 1633 802 1673; x_wconf 71' lang='lat' dir='ltr'>as</span> <span class='ocrx_word' id='word_1_131' title='bbox 826 1613 1018 1693; x_wconf 54' lang='lat' dir='ltr'>parter.</span> <span class='ocrx_word' id='word_1_132' title='bbox 1047 1628 1163 1692; x_wconf 83' lang='lat' dir='ltr'>ego</span> <span class='ocrx_word' id='word_1_133' title='bbox 1194 1607 1475 1689; x_wconf 83' lang='lat' dir='ltr'>praedieo.</span> <span class='ocrx_word' id='word_1_134' title='bbox 1568 1611 2036 1691; x_wconf 85' lang='lat' dir='ltr'>Praeceptoribus</span> <span class='ocrx_word' id='word_1_135' title='bbox 2066 1606 2341 1693; x_wconf 59' lang='lat' dir='ltr'>profesto</span> <span class='ocrx_word' id='word_1_136' title='bbox 2363 1611 2511 1671; x_wconf 80' lang='lat' dir='ltr'>meis</span> <span class='ocrx_word' id='word_1_137' title='bbox 2540 1614 2751 1672; x_wconf 83' lang='lat' dir='ltr'>omnia</span> 
     </span>
     <span class='ocr_line' id='line_1_20' title="bbox 693 1694 2749 1780; baseline -0.002 -17"><span class='ocrx_word' id='word_1_138' title='bbox 693 1699 891 1763; x_wconf 71' lang='lat' dir='ltr'>telicia</span> <span class='ocrx_word' id='word_1_139' title='bbox 919 1711 1086 1780; x_wconf 76' lang='lat' dir='ltr'>opto·</span> <span class='ocrx_word' id='word_1_140' title='bbox 1178 1697 1264 1757; x_wconf 85' lang='lat' dir='ltr'>At</span> <span class='ocrx_word' id='word_1_141' title='bbox 1292 1716 1486 1779; x_wconf 88' lang='lat' dir='ltr'>quum</span> <span class='ocrx_word' id='word_1_142' title='bbox 1517 1696 1592 1760; x_wconf 85' lang='lat' dir='ltr'>de</span> <span class='ocrx_word' id='word_1_143' title='bbox 1620 1699 1863 1761; x_wconf 80' lang='lat' dir='ltr'>veritate</span> <span class='ocrx_word' id='word_1_144' title='bbox 1894 1699 1953 1759; x_wconf 82' lang='grc' dir='ltr'>8τ</span> <span class='ocrx_word' id='word_1_145' title='bbox 1976 1699 2097 1761; x_wconf 83' lang='lat' dir='ltr'>fide</span> <span class='ocrx_word' id='word_1_146' title='bbox 2126 1697 2331 1760; x_wconf 82' lang='lat' dir='ltr'>cauffae</span> <span class='ocrx_word' id='word_1_147' title='bbox 2363 1694 2586 1779; x_wconf 86' lang='lat' dir='ltr'>agitur,</span> <span class='ocrx_word' id='word_1_148' title='bbox 2637 1701 2749 1759; x_wconf 85' lang='lat' dir='ltr'>ad-</span> 
     </span>
     <span class='ocr_line' id='line_1_21' title="bbox 694 1779 2751 1866; baseline 0 -18"><span class='ocrx_word' id='word_1_149' title='bbox 694 1785 888 1848; x_wconf 62' lang='lat' dir='ltr'>fectus</span> <span class='ocrx_word' id='word_1_150' title='bbox 931 1806 1069 1866; x_wconf 84' lang='lat' dir='ltr'>erga</span> <span class='ocrx_word' id='word_1_151' title='bbox 1120 1783 1253 1845; x_wconf 78' lang='lat' dir='ltr'>illos</span> <span class='ocrx_word' id='word_1_152' title='bbox 1304 1783 1480 1864; x_wconf 86' lang='lat' dir='ltr'>plane</span> <span class='ocrx_word' id='word_1_153' title='bbox 1521 1786 1743 1861; x_wconf 68' lang='lat' dir='ltr'>nullm,</span> <span class='ocrx_word' id='word_1_154' title='bbox 1794 1806 1914 1849; x_wconf 89' lang='lat' dir='ltr'>non</span> <span class='ocrx_word' id='word_1_155' title='bbox 1943 1801 2100 1853; x_wconf 85' lang='lat' dir='ltr'>certe</span> <span class='ocrx_word' id='word_1_156' title='bbox 2134 1784 2178 1854; x_wconf 83' lang='lat' dir='ltr'>fi</span> <span class='ocrx_word' id='word_1_157' title='bbox 2215 1804 2362 1855; x_wconf 78' lang='lat' dir='ltr'>mox</span> <span class='ocrx_word' id='word_1_158' title='bbox 2410 1779 2615 1850; x_wconf 87' lang='lat' dir='ltr'>scirem</span> <span class='ocrx_word' id='word_1_159' title='bbox 2644 1802 2751 1852; x_wconf 84' lang='lat' dir='ltr'>eos</span> 
     </span>
     <span class='ocr_line' id='line_1_22' title="bbox 699 1871 2657 1958; baseline 0 -22"><span class='ocrx_word' id='word_1_160' title='bbox 699 1877 1025 1958; x_wconf 84' lang='lat' dir='ltr'>capiundos</span> <span class='ocrx_word' id='word_1_161' title='bbox 1057 1871 1168 1935; x_wconf 87' lang='lat' dir='ltr'>esse</span> <span class='ocrx_word' id='word_1_162' title='bbox 1207 1871 1351 1933; x_wconf 87' lang='lat' dir='ltr'>mihi</span> <span class='ocrx_word' id='word_1_163' title='bbox 1377 1873 1467 1934; x_wconf 85' lang='lat' dir='ltr'>vel</span> <span class='ocrx_word' id='word_1_164' title='bbox 1500 1872 1691 1944; x_wconf 85' lang='lat' dir='ltr'>hostes</span> <span class='ocrx_word' id='word_1_165' title='bbox 1721 1877 1971 1946; x_wconf 84' lang='lat' dir='ltr'>omneis.</span> <span class='ocrx_word' id='word_1_166' title='bbox 2145 1934 2149 1940; x_wconf 86' lang='grc'><strong>,</strong></span> <span class='ocrx_word' id='word_1_167' title='bbox 2543 1896 2550 1905; x_wconf 70' lang='grc'><em>’</em></span> <span class='ocrx_word' id='word_1_168' title='bbox 2642 1894 2657 1901; x_wconf 87' lang='grc'><em>·</em></span> 
     </span>
    </p>
   </div>
   <div class='ocr_carea' id='block_1_6' title="bbox 1534 2049 1905 2122">
    <p class='ocr_par' dir='ltr' id='par_1_6' title="bbox 1534 2049 1905 2122">
     <span class='ocr_line' id='line_1_23' title="bbox 1534 2049 1905 2122; baseline 0 -2"><span class='ocrx_word' id='word_1_169' title='bbox 1534 2049 1905 2122; x_wconf 79' lang='lat' dir='ltr'>Peroratio,</span> 
     </span>
    </p>
   </div>
   <div class='ocr_carea' id='block_1_7' title="bbox 690 2219 2753 3877">
    <p class='ocr_par' dir='ltr' id='par_1_7' title="bbox 932 2219 2750 2300">
     <span class='ocr_line' id='line_1_24' title="bbox 932 2219 2750 2300; baseline 0.002 -21"><span class='ocrx_word' id='word_1_170' title='bbox 932 2220 976 2260; x_wconf 81' lang='lat'>&#39;-</span> <span class='ocrx_word' id='word_1_171' title='bbox 1012 2256 1016 2264; x_wconf 91' lang='lat'>·</span> <span class='ocrx_word' id='word_1_172' title='bbox 1073 2224 1113 2284; x_wconf 82' lang='grc'>,“</span> <span class='ocrx_word' id='word_1_173' title='bbox 1241 2220 1402 2300; x_wconf 48' lang='lat' dir='ltr'>“s-{³132</span> <span class='ocrx_word' id='word_1_174' title='bbox 1478 2222 1894 2283; x_wconf 86' lang='lat' dir='ltr'>ARTENU</span> <span class='ocrx_word' id='word_1_175' title='bbox 1914 2224 1974 2295; x_wconf 89' lang='lat' dir='ltr'>S,</span> <span class='ocrx_word' id='word_1_176' title='bbox 2040 2219 2286 2283; x_wconf 64' lang='lat' dir='ltr'>leetores</span> <span class='ocrx_word' id='word_1_177' title='bbox 2325 2219 2750 2294; x_wconf 69' lang='lat' dir='ltr'>humanissimi,</span> 
     </span>
    </p>

    <p class='ocr_par' dir='ltr' id='par_1_8' title="bbox 690 2305 2753 3877">
     <span class='ocr_line' id='line_1_25' title="bbox 1061 2305 2748 2390; baseline 0.001 -22"><span class='ocrx_word' id='word_1_178' title='bbox 1061 2368 1093 2390; x_wconf 44' lang='grc' dir='ltr'>Ι,</span> <span class='ocrx_word' id='word_1_179' title='bbox 1145 2320 1213 2388; x_wconf 50' lang='lat'>‚³³</span> <span class='ocrx_word' id='word_1_180' title='bbox 1245 2316 1297 2384; x_wconf 61' lang='lat'>„²</span> <span class='ocrx_word' id='word_1_181' title='bbox 1349 2328 1397 2388; x_wconf 69' lang='lat'>⁴²⁴².</span> <span class='ocrx_word' id='word_1_182' title='bbox 1502 2310 1820 2370; x_wconf 87' lang='lat' dir='ltr'>Arturiurn</span> <span class='ocrx_word' id='word_1_183' title='bbox 1849 2305 1965 2370; x_wconf 85' lang='lat' dir='ltr'>suis</span> <span class='ocrx_word' id='word_1_184' title='bbox 1997 2308 2239 2388; x_wconf 76' lang='lat' dir='ltr'>expressi</span> <span class='ocrx_word' id='word_1_185' title='bbox 2268 2309 2590 2381; x_wconf 78' lang='lat' dir='ltr'>coloribuS‚</span> <span class='ocrx_word' id='word_1_186' title='bbox 2621 2328 2748 2370; x_wconf 89' lang='lat' dir='ltr'>non</span> 
     </span>
     <span class='ocr_line' id='line_1_26' title="bbox 1000 2394 2751 2479; baseline 0.001 -24"><span class='ocrx_word' id='word_1_187' title='bbox 1000 2416 1020 2440; x_wconf 58' lang='grc' dir='ltr'>ν’</span> <span class='ocrx_word' id='word_1_188' title='bbox 1109 2396 1145 2440; x_wconf 85' lang='grc'>-“</span> <span class='ocrx_word' id='word_1_189' title='bbox 1189 2400 1269 2472; x_wconf 51' lang='grc' dir='ltr'>’,ις</span> <span class='ocrx_word' id='word_1_190' title='bbox 1357 2396 1385 2479; x_wconf 55' lang='lat' dir='ltr'>J*</span> <span class='ocrx_word' id='word_1_191' title='bbox 1419 2447 1425 2455; x_wconf 28' lang='lat' dir='ltr'>i</span> <span class='ocrx_word' id='word_1_192' title='bbox 1504 2395 1623 2459; x_wconf 88' lang='lat' dir='ltr'>fine</span> <span class='ocrx_word' id='word_1_193' title='bbox 1653 2396 1975 2478; x_wconf 78' lang='lat' dir='ltr'>diligentia,</span> <span class='ocrx_word' id='word_1_194' title='bbox 2002 2397 2225 2472; x_wconf 86' lang='lat' dir='ltr'>labore,</span> <span class='ocrx_word' id='word_1_195' title='bbox 2259 2419 2326 2460; x_wconf 89' lang='lat' dir='ltr'>ac</span> <span class='ocrx_word' id='word_1_196' title='bbox 2343 2395 2545 2460; x_wconf 82' lang='lat' dir='ltr'>studio</span> <span class='ocrx_word' id='word_1_197' title='bbox 2575 2394 2751 2458; x_wconf 88' lang='lat' dir='ltr'>deni-</span> 
     </span>
     <span class='ocr_line' id='line_1_27' title="bbox 1169 2472 2749 2568; baseline -0.001 -22"><span class='ocrx_word' id='word_1_198' title='bbox 1169 2472 1177 2496; x_wconf 65' lang='lat'><em>⁶</em></span> <span class='ocrx_word' id='word_1_199' title='bbox 1361 2480 1365 2484; x_wconf 68' lang='grc'><strong>’</strong></span> <span class='ocrx_word' id='word_1_200' title='bbox 1402 2543 1405 2546; x_wconf 78' lang='grc'>.</span> <span class='ocrx_word' id='word_1_201' title='bbox 1503 2503 1622 2564; x_wconf 90' lang='lat' dir='ltr'>que</span> <span class='ocrx_word' id='word_1_202' title='bbox 1656 2481 1945 2566; x_wconf 88' lang='lat' dir='ltr'>propenso</span> <span class='ocrx_word' id='word_1_203' title='bbox 1973 2507 1987 2546; x_wconf 90' lang='lat'>:</span> <span class='ocrx_word' id='word_1_204' title='bbox 2022 2499 2082 2544; x_wconf 87' lang='lat' dir='ltr'>at</span> <span class='ocrx_word' id='word_1_205' title='bbox 2112 2486 2347 2547; x_wconf 88' lang='lat' dir='ltr'>interim</span> <span class='ocrx_word' id='word_1_206' title='bbox 2375 2506 2446 2545; x_wconf 87' lang='lat' dir='ltr'>an</span> <span class='ocrx_word' id='word_1_207' title='bbox 2472 2485 2597 2568; x_wconf 87' lang='lat' dir='ltr'>pari</span> <span class='ocrx_word' id='word_1_208' title='bbox 2622 2483 2749 2544; x_wconf 90' lang='lat' dir='ltr'>elo·</span> 
     </span>
     <span class='ocr_line' id='line_1_28' title="bbox 1177 2569 2747 2655; baseline 0.001 -25"><span class='ocrx_word' id='word_1_209' title='bbox 1177 2644 1189 2651; x_wconf 27' lang='lat' dir='ltr'>q</span> <span class='ocrx_word' id='word_1_210' title='bbox 1377 2636 1389 2648; x_wconf 50' lang='lat'><strong><em>„</em></strong></span> <span class='ocrx_word' id='word_1_211' title='bbox 1502 2573 1761 2652; x_wconf 86' lang='lat' dir='ltr'>quentia,</span> <span class='ocrx_word' id='word_1_212' title='bbox 1795 2572 2004 2655; x_wconf 86' lang='lat' dir='ltr'>gratia,</span> <span class='ocrx_word' id='word_1_213' title='bbox 2038 2573 2095 2633; x_wconf 75' lang='lat' dir='ltr'>Sc</span> <span class='ocrx_word' id='word_1_214' title='bbox 2118 2569 2419 2647; x_wconf 85' lang='lat' dir='ltr'>felicitate,</span> <span class='ocrx_word' id='word_1_215' title='bbox 2452 2570 2747 2637; x_wconf 84' lang='lat' dir='ltr'>candid&#39;o·</span> 
     </span>
     <span class='ocr_line' id='line_1_29' title="bbox 928 2648 2746 2751; baseline 0.001 -33"><span class='ocrx_word' id='word_1_216' title='bbox 928 2728 932 2751; x_wconf 53' lang='grc' dir='ltr'>Ι</span> <span class='ocrx_word' id='word_1_217' title='bbox 1012 2648 1069 2705; x_wconf 57' lang='lat'>2‘</span> <span class='ocrx_word' id='word_1_218' title='bbox 1133 2676 1149 2728; x_wconf 85' lang='lat'>&#39;.</span> <span class='ocrx_word' id='word_1_219' title='bbox 1333 2680 1403 2741; x_wconf 50' lang='grc' dir='ltr'>τῇ</span> <span class='ocrx_word' id='word_1_220' title='bbox 1500 2660 1825 2738; x_wconf 81' lang='lat' dir='ltr'>rumjuxta</span> <span class='ocrx_word' id='word_1_221' title='bbox 1848 2681 1914 2721; x_wconf 88' lang='lat' dir='ltr'>ac</span> <span class='ocrx_word' id='word_1_222' title='bbox 1937 2657 2746 2738; x_wconf 83' lang='lat' dir='ltr'>eruditorumfitjudicium.</span> 
     </span>
     <span class='ocr_line' id='line_1_30' title="bbox 960 2746 2749 2829; baseline 0 -22"><span class='ocrx_word' id='word_1_223' title='bbox 960 2816 976 2824; x_wconf 36' lang='lat'><em>⁸</em></span> <span class='ocrx_word' id='word_1_224' title='bbox 1500 2750 1653 2808; x_wconf 86' lang='lat' dir='ltr'>Nam</span> <span class='ocrx_word' id='word_1_225' title='bbox 1681 2751 1801 2827; x_wconf 68' lang='lat' dir='ltr'>lego</span> <span class='ocrx_word' id='word_1_226' title='bbox 1844 2749 2026 2829; x_wconf 86' lang='lat' dir='ltr'>probe</span> <span class='ocrx_word' id='word_1_227' title='bbox 2071 2748 2230 2822; x_wconf 86' lang='lat' dir='ltr'>novi,</span> <span class='ocrx_word' id='word_1_228' title='bbox 2278 2767 2456 2829; x_wconf 85' lang='lat' dir='ltr'>quam</span> <span class='ocrx_word' id='word_1_229' title='bbox 2492 2747 2640 2808; x_wconf 86' lang='lat' dir='ltr'>mihi</span> <span class='ocrx_word' id='word_1_230' title='bbox 2674 2746 2749 2807; x_wconf 84' lang='lat' dir='ltr'>fit</span> 
     </span>
     <span class='ocr_line' id='line_1_31' title="bbox 912 2828 2748 2917; baseline 0.002 -25"><span class='ocrx_word' id='word_1_231' title='bbox 912 2828 940 2883; x_wconf 52' lang='lat' dir='ltr'>a*</span> <span class='ocrx_word' id='word_1_232' title='bbox 964 2852 988 2876; x_wconf 69' lang='lat'>⁴</span> <span class='ocrx_word' id='word_1_233' title='bbox 1012 2828 1253 2912; x_wconf 61' lang='lat' dir='ltr'>J</span> <span class='ocrx_word' id='word_1_234' title='bbox 1501 2849 1668 2894; x_wconf 90' lang='lat' dir='ltr'>curta</span> <span class='ocrx_word' id='word_1_235' title='bbox 1693 2835 1855 2895; x_wconf 88' lang='lat' dir='ltr'>domi</span> <span class='ocrx_word' id='word_1_236' title='bbox 1879 2831 2181 2916; x_wconf 83' lang='lat' dir='ltr'>supellex:</span> <span class='ocrx_word' id='word_1_237' title='bbox 2229 2856 2355 2917; x_wconf 90' lang='lat' dir='ltr'>quo</span> <span class='ocrx_word' id='word_1_238' title='bbox 2379 2836 2623 2896; x_wconf 87' lang='lat' dir='ltr'>nomine</span> <span class='ocrx_word' id='word_1_239' title='bbox 2655 2835 2748 2895; x_wconf 88' lang='lat' dir='ltr'>ni·</span> 
     </span>
     <span class='ocr_line' id='line_1_32' title="bbox 1109 2916 2748 3003; baseline 0.002 -24"><span class='ocrx_word' id='word_1_240' title='bbox 1109 2916 1125 2928; x_wconf 75' lang='lat'><em>‘</em></span> <span class='ocrx_word' id='word_1_241' title='bbox 1169 2917 1173 2932; x_wconf 91' lang='lat'>&#39;</span> <span class='ocrx_word' id='word_1_242' title='bbox 1403 2916 1407 2920; x_wconf 71' lang='grc'><em>’</em></span> <span class='ocrx_word' id='word_1_243' title='bbox 1503 2920 1933 3003; x_wconf 88' lang='lat' dir='ltr'>hilquicquam</span> <span class='ocrx_word' id='word_1_244' title='bbox 1950 2922 2375 2996; x_wconf 80' lang='lat' dir='ltr'>mihivendico,</span> <span class='ocrx_word' id='word_1_245' title='bbox 2397 2920 2748 2984; x_wconf 86' lang='lat' dir='ltr'>temerarius</span> 
     </span>
     <span class='ocr_line' id='line_1_33' title="bbox 1504 3008 2745 3091; baseline 0.002 -23"><span class='ocrx_word' id='word_1_246' title='bbox 1504 3008 1676 3089; x_wconf 89' lang='lat' dir='ltr'>plane</span> <span class='ocrx_word' id='word_1_247' title='bbox 1705 3011 1761 3069; x_wconf 87' lang='lat'>&amp;</span> <span class='ocrx_word' id='word_1_248' title='bbox 1789 3029 2001 3091; x_wconf 83' lang='lat' dir='ltr'>parum</span> <span class='ocrx_word' id='word_1_249' title='bbox 2024 3010 2284 3090; x_wconf 84' lang='lat' dir='ltr'>prudens</span> <span class='ocrx_word' id='word_1_250' title='bbox 2314 3009 2354 3071; x_wconf 79' lang='lat' dir='ltr'>si</span> <span class='ocrx_word' id='word_1_251' title='bbox 2380 3011 2437 3070; x_wconf 90' lang='lat' dir='ltr'>id</span> <span class='ocrx_word' id='word_1_252' title='bbox 2464 3011 2745 3071; x_wconf 87' lang='lat' dir='ltr'>commit·</span> 
     </span>
     <span class='ocr_line' id='line_1_34' title="bbox 696 3093 2745 3179; baseline 0.003 -28"><span class='ocrx_word' id='word_1_253' title='bbox 696 3106 903 3152; x_wconf 87' lang='lat' dir='ltr'>terem.</span> <span class='ocrx_word' id='word_1_254' title='bbox 996 3093 1257 3154; x_wconf 88' lang='lat' dir='ltr'>Tantum</span> <span class='ocrx_word' id='word_1_255' title='bbox 1304 3093 1468 3155; x_wconf 81' lang='lat' dir='ltr'>v‘olui</span> <span class='ocrx_word' id='word_1_256' title='bbox 1519 3097 1580 3155; x_wconf 89' lang='lat' dir='ltr'>in</span> <span class='ocrx_word' id='word_1_257' title='bbox 1634 3116 1696 3156; x_wconf 92' lang='lat' dir='ltr'>re</span> <span class='ocrx_word' id='word_1_258' title='bbox 1725 3095 1965 3158; x_wconf 86' lang='lat' dir='ltr'>honesta</span> <span class='ocrx_word' id='word_1_259' title='bbox 2017 3096 2349 3178; x_wconf 83' lang='lat' dir='ltr'>periculum</span> <span class='ocrx_word' id='word_1_260' title='bbox 2398 3097 2625 3179; x_wconf 88' lang='lat' dir='ltr'>ingenii</span> <span class='ocrx_word' id='word_1_261' title='bbox 2657 3095 2745 3158; x_wconf 86' lang='lat' dir='ltr'>fa-</span> 
     </span>
     <span class='ocr_line' id='line_1_35' title="bbox 693 3177 2747 3266; baseline 0.003 -27"><span class='ocrx_word' id='word_1_262' title='bbox 693 3200 844 3252; x_wconf 86' lang='lat' dir='ltr'>cere,</span> <span class='ocrx_word' id='word_1_263' title='bbox 891 3177 1145 3241; x_wconf 83' lang='lat' dir='ltr'>historiae</span> <span class='ocrx_word' id='word_1_264' title='bbox 1176 3181 1470 3242; x_wconf 82' lang='lat' dir='ltr'>laboranti</span> <span class='ocrx_word' id='word_1_265' title='bbox 1511 3203 1682 3262; x_wconf 89' lang='lat' dir='ltr'>opem</span> <span class='ocrx_word' id='word_1_266' title='bbox 1730 3181 1903 3257; x_wconf 88' lang='lat' dir='ltr'>ferre,</span> <span class='ocrx_word' id='word_1_267' title='bbox 1948 3183 2201 3265; x_wconf 85' lang='lat' dir='ltr'>gloriam</span> <span class='ocrx_word' id='word_1_268' title='bbox 2248 3185 2474 3266; x_wconf 84' lang='lat' dir='ltr'>patriae,</span> <span class='ocrx_word' id='word_1_269' title='bbox 2520 3183 2747 3246; x_wconf 85' lang='lat' dir='ltr'>invidia</span> 
     </span>
     <span class='ocr_line' id='line_1_36' title="bbox 691 3266 2746 3347; baseline 0.003 -20"><span class='ocrx_word' id='word_1_270' title='bbox 691 3268 1106 3347; x_wconf 78' lang='lat' dir='ltr'>interceptam,</span> <span class='ocrx_word' id='word_1_271' title='bbox 1155 3268 1214 3330; x_wconf 87' lang='lat'>&amp;</span> <span class='ocrx_word' id='word_1_272' title='bbox 1265 3266 1483 3330; x_wconf 80' lang='lat' dir='ltr'>servam</span> <span class='ocrx_word' id='word_1_273' title='bbox 1528 3268 1749 3331; x_wconf 75' lang='lat' dir='ltr'>insidiis</span> <span class='ocrx_word' id='word_1_274' title='bbox 1800 3271 2247 3346; x_wconf 81' lang='lat' dir='ltr'>malevolorum,</span> <span class='ocrx_word' id='word_1_275' title='bbox 2295 3270 2556 3333; x_wconf 84' lang='lat' dir='ltr'>libertati</span> <span class='ocrx_word' id='word_1_276' title='bbox 2604 3293 2746 3334; x_wconf 89' lang='lat' dir='ltr'>ean-</span> 
     </span>
     <span class='ocr_line' id='line_1_37' title="bbox 693 3354 2745 3442; baseline 0.003 -27"><span class='ocrx_word' id='word_1_277' title='bbox 693 3354 831 3415; x_wconf 90' lang='lat' dir='ltr'>dide</span> <span class='ocrx_word' id='word_1_278' title='bbox 862 3354 1184 3418; x_wconf 84' lang='lat' dir='ltr'>restituere.</span> <span class='ocrx_word' id='word_1_279' title='bbox 1276 3358 1412 3418; x_wconf 82' lang='lat' dir='ltr'>SciO</span> <span class='ocrx_word' id='word_1_280' title='bbox 1441 3354 1735 3432; x_wconf 83' lang='lat' dir='ltr'>futurum,</span> <span class='ocrx_word' id='word_1_281' title='bbox 1784 3373 1849 3419; x_wconf 89' lang='lat' dir='ltr'>ut</span> <span class='ocrx_word' id='word_1_282' title='bbox 1881 3354 2158 3420; x_wconf 87' lang='lat' dir='ltr'>insultent</span> <span class='ocrx_word' id='word_1_283' title='bbox 2188 3355 2493 3420; x_wconf 83' lang='lat' dir='ltr'>adversarii</span> <span class='ocrx_word' id='word_1_284' title='bbox 2527 3374 2745 3442; x_wconf 88' lang='lat' dir='ltr'>poten·</span> 
     </span>
     <span class='ocr_line' id='line_1_38' title="bbox 691 3441 2748 3525; baseline 0.003 -22"><span class='ocrx_word' id='word_1_285' title='bbox 691 3441 908 3504; x_wconf 82' lang='lat' dir='ltr'>tiffimi.</span> <span class='ocrx_word' id='word_1_286' title='bbox 990 3443 1248 3503; x_wconf 83' lang='lat' dir='ltr'>Vincam</span> <span class='ocrx_word' id='word_1_287' title='bbox 1279 3444 1563 3525; x_wconf 81' lang='lat' dir='ltr'>potentia,</span> <span class='ocrx_word' id='word_1_288' title='bbox 1612 3445 1794 3506; x_wconf 91' lang='lat' dir='ltr'>modo</span> <span class='ocrx_word' id='word_1_289' title='bbox 1825 3446 2032 3506; x_wconf 83' lang='lat' dir='ltr'>veritas</span> <span class='ocrx_word' id='word_1_290' title='bbox 2064 3443 2255 3507; x_wconf 86' lang='lat' dir='ltr'>nostra</span> <span class='ocrx_word' id='word_1_291' title='bbox 2280 3445 2370 3508; x_wconf 88' lang='lat' dir='ltr'>fit.</span> <span class='ocrx_word' id='word_1_292' title='bbox 2446 3449 2748 3510; x_wconf 83' lang='lat' dir='ltr'>Imitabor</span> 
     </span>
     <span class='ocr_line' id='line_1_39' title="bbox 691 3526 2749 3616; baseline 0.004 -26"><span class='ocrx_word' id='word_1_293' title='bbox 691 3526 1031 3612; x_wconf 72' lang='lat' dir='ltr'>generosam</span> <span class='ocrx_word' id='word_1_294' title='bbox 1064 3531 1340 3610; x_wconf 85' lang='lat' dir='ltr'>palmam,</span> <span class='ocrx_word' id='word_1_295' title='bbox 1391 3551 1527 3612; x_wconf 79' lang='lat' dir='ltr'>quae</span> <span class='ocrx_word' id='word_1_296' title='bbox 1576 3534 1739 3594; x_wconf 90' lang='lat' dir='ltr'>oneri</span> <span class='ocrx_word' id='word_1_297' title='bbox 1786 3531 1967 3614; x_wconf 81' lang='lat' dir='ltr'>preffa</span> <span class='ocrx_word' id='word_1_298' title='bbox 2005 3534 2165 3594; x_wconf 86' lang='lat' dir='ltr'>cedit</span> <span class='ocrx_word' id='word_1_299' title='bbox 2192 3554 2527 3616; x_wconf 83' lang='lat' dir='ltr'>nunquam.</span> <span class='ocrx_word' id='word_1_300' title='bbox 2625 3535 2749 3598; x_wconf 81' lang='lat' dir='ltr'>Sed</span> 
     </span>
     <span class='ocr_line' id='line_1_40' title="bbox 693 3614 2751 3702; baseline 0 -23"><span class='ocrx_word' id='word_1_301' title='bbox 693 3623 886 3700; x_wconf 81' lang='lat' dir='ltr'>neque</span> <span class='ocrx_word' id='word_1_302' title='bbox 919 3620 978 3677; x_wconf 89' lang='lat' dir='ltr'>in</span> <span class='ocrx_word' id='word_1_303' title='bbox 1012 3614 1313 3698; x_wconf 85' lang='lat' dir='ltr'>praesentia</span> <span class='ocrx_word' id='word_1_304' title='bbox 1356 3639 1467 3698; x_wconf 89' lang='lat' dir='ltr'>pro</span> <span class='ocrx_word' id='word_1_305' title='bbox 1501 3619 1739 3681; x_wconf 89' lang='lat' dir='ltr'>munere</span> <span class='ocrx_word' id='word_1_306' title='bbox 1768 3622 2098 3702; x_wconf 86' lang='lat' dir='ltr'>quicquam</span> <span class='ocrx_word' id='word_1_307' title='bbox 2126 3620 2347 3682; x_wconf 85' lang='lat' dir='ltr'>ambi0.</span> <span class='ocrx_word' id='word_1_308' title='bbox 2438 3621 2614 3684; x_wconf 86' lang='lat' dir='ltr'>Adfit</span> <span class='ocrx_word' id='word_1_309' title='bbox 2646 3643 2751 3684; x_wconf 52' lang='lat' dir='ltr'>ve.</span> 
     </span>
     <span class='ocr_line' id='line_1_41' title="bbox 690 3705 2749 3790; baseline 0.002 -22"><span class='ocrx_word' id='word_1_310' title='bbox 690 3705 804 3768; x_wconf 86' lang='lat' dir='ltr'>stra</span> <span class='ocrx_word' id='word_1_311' title='bbox 838 3706 1195 3778; x_wconf 81' lang='lat' dir='ltr'>humanitas,</span> <span class='ocrx_word' id='word_1_312' title='bbox 1246 3705 1673 3780; x_wconf 86' lang='lat' dir='ltr'>benevolentia,</span> <span class='ocrx_word' id='word_1_313' title='bbox 1719 3709 1926 3790; x_wconf 85' lang='lat' dir='ltr'>gratia,</span> <span class='ocrx_word' id='word_1_314' title='bbox 1975 3724 2133 3770; x_wconf 86' lang='lat' dir='ltr'>certe</span> <span class='ocrx_word' id='word_1_315' title='bbox 2162 3710 2365 3769; x_wconf 86' lang='lat' dir='ltr'>omnia</span> <span class='ocrx_word' id='word_1_316' title='bbox 2394 3709 2585 3771; x_wconf 75' lang='lat' dir='ltr'>adesse</span> <span class='ocrx_word' id='word_1_317' title='bbox 2614 3731 2749 3773; x_wconf 86' lang='lat' dir='ltr'>me-</span> 
     </span>
     <span class='ocr_line' id='line_1_42' title="bbox 691 3791 2753 3877; baseline 0.004 -24"><span class='ocrx_word' id='word_1_318' title='bbox 691 3795 814 3854; x_wconf 64' lang='lat' dir='ltr'>rito</span> <span class='ocrx_word' id='word_1_319' title='bbox 841 3791 1210 3853; x_wconf 85' lang='lat' dir='ltr'>crediderim.</span> <span class='ocrx_word' id='word_1_320' title='bbox 1300 3792 1565 3854; x_wconf 86' lang='lat' dir='ltr'>Accedet</span> <span class='ocrx_word' id='word_1_321' title='bbox 1596 3814 1715 3854; x_wconf 86' lang='lat' dir='ltr'>una</span> <span class='ocrx_word' id='word_1_322' title='bbox 1752 3815 2001 3877; x_wconf 86' lang='lat' dir='ltr'>quoque</span> <span class='ocrx_word' id='word_1_323' title='bbox 2045 3795 2121 3856; x_wconf 87' lang='lat' dir='ltr'>acl</span> <span class='ocrx_word' id='word_1_324' title='bbox 2151 3795 2464 3869; x_wconf 82' lang='lat' dir='ltr'>cumulum</span> <span class='ocrx_word' id='word_1_325' title='bbox 2494 3797 2753 3861; x_wconf 84' lang='lat' dir='ltr'>dextera</span> 
     </span>
    </p>
   </div>
   <div class='ocr_carea' id='block_1_8' title="bbox 692 2208 1462 3031">
    <p class='ocr_par' dir='ltr' id='par_1_9' title="bbox 692 2208 1462 3031">
     <span class='ocr_line' id='line_1_43' title="bbox 692 2208 1462 3031; baseline 0 0"><span class='ocrx_word' id='word_1_326' title='bbox 692 2208 1462 3031; x_wconf 95' lang='lat' dir='ltr'> </span> 
     </span>
    </p>
   </div>
   <div class='ocr_carea' id='block_1_9' title="bbox 689 3879 2751 4503">
    <p class='ocr_par' dir='ltr' id='par_1_10' title="bbox 689 3879 2751 4405">
     <span class='ocr_line' id='line_1_44' title="bbox 693 3879 2749 3965; baseline 0.001 -26"><span class='ocrx_word' id='word_1_327' title='bbox 693 3879 1133 3962; x_wconf 81' lang='lat' dir='ltr'>promptitudO,</span> <span class='ocrx_word' id='word_1_328' title='bbox 1181 3879 1458 3960; x_wconf 86' lang='lat' dir='ltr'>expedita</span> <span class='ocrx_word' id='word_1_329' title='bbox 1498 3880 1779 3954; x_wconf 77' lang='lat' dir='ltr'>alacritaS,</span> <span class='ocrx_word' id='word_1_330' title='bbox 1825 3879 2123 3964; x_wconf 80' lang='lat' dir='ltr'>ignescens</span> <span class='ocrx_word' id='word_1_331' title='bbox 2175 3883 2351 3944; x_wconf 86' lang='lat' dir='ltr'>etlam</span> <span class='ocrx_word' id='word_1_332' title='bbox 2393 3904 2499 3965; x_wconf 89' lang='lat' dir='ltr'>per</span> <span class='ocrx_word' id='word_1_333' title='bbox 2548 3886 2749 3947; x_wconf 70' lang='lat' dir='ltr'>virtu.</span> 
     </span>
     <span class='ocr_line' id='line_1_45' title="bbox 689 3963 2750 4054; baseline 0.004 -27"><span class='ocrx_word' id='word_1_334' title='bbox 689 3985 818 4027; x_wconf 85' lang='lat' dir='ltr'>tem</span> <span class='ocrx_word' id='word_1_335' title='bbox 847 3969 1104 4046; x_wconf 85' lang='lat' dir='ltr'>impetus</span> <span class='ocrx_word' id='word_1_336' title='bbox 1157 3986 1275 4027; x_wconf 92' lang='lat' dir='ltr'>non</span> <span class='ocrx_word' id='word_1_337' title='bbox 1319 3963 1508 4028; x_wconf 86' lang='lat' dir='ltr'>solum</span> <span class='ocrx_word' id='word_1_338' title='bbox 1552 3967 1627 4028; x_wconf 88' lang='lat' dir='ltr'>ad</span> <span class='ocrx_word' id='word_1_339' title='bbox 1671 3967 1900 4043; x_wconf 85' lang='lat' dir='ltr'>fimilia,</span> <span class='ocrx_word' id='word_1_340' title='bbox 1950 3989 2154 4030; x_wconf 90' lang='lat' dir='ltr'>verum</span> <span class='ocrx_word' id='word_1_341' title='bbox 2208 3969 2281 4030; x_wconf 87' lang='lat' dir='ltr'>ad</span> <span class='ocrx_word' id='word_1_342' title='bbox 2327 3974 2554 4050; x_wconf 85' lang='lat' dir='ltr'>majora</span> <span class='ocrx_word' id='word_1_343' title='bbox 2582 3994 2750 4054; x_wconf 80' lang='lat' dir='ltr'>quo·</span> 
     </span>
     <span class='ocr_line' id='line_1_46' title="bbox 691 4053 2750 4134; baseline 0.004 -21"><span class='ocrx_word' id='word_1_344' title='bbox 691 4075 814 4134; x_wconf 89' lang='lat' dir='ltr'>que</span> <span class='ocrx_word' id='word_1_345' title='bbox 864 4053 1221 4126; x_wconf 79' lang='lat' dir='ltr'>exhibenda,</span> <span class='ocrx_word' id='word_1_346' title='bbox 1269 4072 1406 4134; x_wconf 86' lang='lat' dir='ltr'>quae</span> <span class='ocrx_word' id='word_1_347' title='bbox 1451 4054 1657 4116; x_wconf 58' lang='lat' dir='ltr'>doctas</span> <span class='ocrx_word' id='word_1_348' title='bbox 1708 4058 1969 4117; x_wconf 84' lang='lat' dir='ltr'>excitent</span> <span class='ocrx_word' id='word_1_349' title='bbox 2013 4076 2203 4130; x_wconf 77' lang='lat' dir='ltr'>aureS‚</span> <span class='ocrx_word' id='word_1_350' title='bbox 2271 4060 2555 4120; x_wconf 71' lang='lat' dir='ltr'>excitatas</span> <span class='ocrx_word' id='word_1_351' title='bbox 2604 4062 2750 4122; x_wconf 90' lang='lat' dir='ltr'>lon·</span> 
     </span>
     <span class='ocr_line' id='line_1_47' title="bbox 693 4138 2751 4227; baseline 0.006 -27"><span class='ocrx_word' id='word_1_352' title='bbox 693 4161 845 4221; x_wconf 85' lang='lat' dir='ltr'>gum</span> <span class='ocrx_word' id='word_1_353' title='bbox 888 4140 1210 4213; x_wconf 86' lang='lat' dir='ltr'>detineant,</span> <span class='ocrx_word' id='word_1_354' title='bbox 1257 4138 1521 4202; x_wconf 86' lang='lat' dir='ltr'>detentas</span> <span class='ocrx_word' id='word_1_355' title='bbox 1566 4141 1753 4203; x_wconf 85' lang='lat' dir='ltr'>veluti</span> <span class='ocrx_word' id='word_1_356' title='bbox 1796 4157 2054 4205; x_wconf 84' lang='lat' dir='ltr'>torrente</span> <span class='ocrx_word' id='word_1_357' title='bbox 2100 4143 2361 4226; x_wconf 85' lang='lat' dir='ltr'>quodam</span> <span class='ocrx_word' id='word_1_358' title='bbox 2410 4146 2751 4227; x_wconf 81' lang='lat' dir='ltr'>voluptatis</span> 
     </span>
     <span class='ocr_line' id='line_1_48' title="bbox 691 4227 2749 4313; baseline 0.003 -24"><span class='ocrx_word' id='word_1_359' title='bbox 691 4227 888 4289; x_wconf 79' lang='lat' dir='ltr'>secum</span> <span class='ocrx_word' id='word_1_360' title='bbox 921 4228 997 4286; x_wconf 83' lang='lat' dir='ltr'>ad</span> <span class='ocrx_word' id='word_1_361' title='bbox 1031 4247 1261 4289; x_wconf 86' lang='lat' dir='ltr'>amoena</span> <span class='ocrx_word' id='word_1_362' title='bbox 1293 4228 1612 4291; x_wconf 89' lang='lat' dir='ltr'>deducant.</span> <span class='ocrx_word' id='word_1_363' title='bbox 1705 4232 1783 4289; x_wconf 90' lang='lat' dir='ltr'>Et</span> <span class='ocrx_word' id='word_1_364' title='bbox 1815 4231 1937 4292; x_wconf 80' lang='lat' dir='ltr'>haec</span> <span class='ocrx_word' id='word_1_365' title='bbox 1968 4232 2110 4292; x_wconf 86' lang='lat' dir='ltr'>mihi</span> <span class='ocrx_word' id='word_1_366' title='bbox 2142 4233 2362 4305; x_wconf 84' lang='lat' dir='ltr'>omnia,</span> <span class='ocrx_word' id='word_1_367' title='bbox 2412 4231 2602 4295; x_wconf 84' lang='lat' dir='ltr'>vestro</span> <span class='ocrx_word' id='word_1_368' title='bbox 2621 4234 2749 4313; x_wconf 79' lang='lat' dir='ltr'>fre-</span> 
     </span>
     <span class='ocr_line' id='line_1_49' title="bbox 693 4313 2749 4405; baseline 0.004 -28"><span class='ocrx_word' id='word_1_369' title='bbox 693 4331 790 4387; x_wconf 78' lang='lat' dir='ltr'>tus</span> <span class='ocrx_word' id='word_1_370' title='bbox 836 4315 1091 4379; x_wconf 84' lang='lat' dir='ltr'>candore</span> <span class='ocrx_word' id='word_1_371' title='bbox 1142 4316 1503 4405; x_wconf 67' lang='lat' dir='ltr'>auxilioque,</span> <span class='ocrx_word' id='word_1_372' title='bbox 1563 4319 1627 4381; x_wconf 87' lang='lat' dir='ltr'>in</span> <span class='ocrx_word' id='word_1_373' title='bbox 1681 4313 1846 4400; x_wconf 84' lang='lat' dir='ltr'>spem</span> <span class='ocrx_word' id='word_1_374' title='bbox 1906 4319 2082 4403; x_wconf 83' lang='lat' dir='ltr'>plane</span> <span class='ocrx_word' id='word_1_375' title='bbox 2132 4318 2511 4385; x_wconf 63' lang='lat' dir='ltr'>ereftissimus</span> <span class='ocrx_word' id='word_1_376' title='bbox 2562 4319 2749 4386; x_wconf 78' lang='lat' dir='ltr'>facile</span> 
     </span>
    </p>

    <p class='ocr_par' dir='ltr' id='par_1_11' title="bbox 1788 4408 2750 4503">
     <span class='ocr_line' id='line_1_50' title="bbox 1788 4408 2750 4503; baseline 0.004 -33"><span class='ocrx_word' id='word_1_377' title='bbox 1788 4420 1792 4425; x_wconf 84' lang='grc'><em>’</em></span> <span class='ocrx_word' id='word_1_378' title='bbox 2431 4408 2750 4503; x_wconf 72' lang='lat' dir='ltr'>polliceor,</span> 
     </span>
    </p>
   </div>
  </div>
 </body>
</html>
