2942 4884
216 297 945 365 ASSERTIOARTURII.
1181 322 1221 386 23

89 429 244 494 miliaritate
257 428 357 491 fuerat
375 427 639 506 conjunsiissrmu33
662 447 753 492 omne
774 450 901 514 regnum
921 427 1017 505 suum,
1041 449 1102 491 una

90 539 147 580 cnm
161 517 328 580 Gueuheta
352 512 513 578 suavissima
533 519 661 598 conjuge
683 518 880 586 concredidit.
927 521 999 581 Erat
1022 519 1102 581 enim

90 605 259 674 Mordtedus
276 603 462 676 fortitudinis
482 604 601 688 nomine
615 605 926 681 commendatissimas,
951 622 1014 668 tum
1029 625 1103 687 prae·
1115 604 1169 655 fol.
1181 605 1241 661 Μ),

90 708 155 754 terea
168 693 291 775 iugenio
305 693 375 765 acri,
399 693 430 752 8<
451 693 588 774 gerendis
603 691 692 754 rebus
706 691 864 776 expedito:
892 713 966 776 quas
980 695 1104 754 virtutes

90 779 134 842 nisi
159 776 284 841 libidine
310 780 485 842 dominandi
506 778 736 863 flagrantissima,
759 777 808 844 sed
822 783 941 842 interim
957 781 1105 862 principio

19 875 20 944 ᾗ
90 869 123 930 ob
137 882 257 929 metum
272 869 372 941 tacita,
396 869 425 928 81
449 868 586 930 adulterii
611 882 683 928 nota
705 865 890 943 obscurasset,
913 865 1105 950 meritoqui·

91 957 150 1017 dem
164 957 242 1019 inter
255 953 425 1017 clarissimos
442 953 522 1016 vitos
544 953 745 1017 numerandus
759 955 837 1020 esset.
882 960 949 1035 Jam
972 956 1106 1018 Galliam

19 1041 21 1110 ἶ
91 1041 221 1106 Atturius
240 1039 395 1116 invaserat,
419 1045 459 1116 Sc,
484 1042 636 1105 debellatis
659 1043 782 1125 tegulis,
804 1045 921 1108 virtutis
940 1040 999 1105 suae
1013 1040 1106 1125 speci·

91 1151 148 1193 men
162 1130 211 1204 vel
233 1129 347 1193 illustre
361 1128 536 1194 ostenderat.
582 1133 659 1192 Ecce
678 1128 777 1197 adsuit
793 1148 935 1212 tyrannus
957 1130 1106 1205 immanis,

19 1293 20 1306 χ
92 1219 280 1293 truculentus,
314 1215 412 1293 ferox,
445 1221 499 1303 qui
525 1217 679 1292 Helenam,
714 1234 835 1301 neptem
857 1220 945 1282 Hoiili
969 1219 1105 1280 Armon-

19 1311 20 1372 ζ
92 1309 147 1376 cani
159 1321 291 1393 raptam,
313 1305 342 1367 δι
364 1325 403 1367 ex
427 1307 580 1368 Britannia
594 1305 767 1381 abduslam,
790 1307 828 1377 ad
850 1306 935 1369 littus
953 1305 1107 1368 Gallicum
1206 1379 1209 1385 ,

19 1417 20 1440 t
91 1397 250 1467 vitiaverat,
274 1393 356 1456 unde
377 1395 407 1456 ἃ
420 1394 506 1457 obiit.
551 1397 623 1456 Non
644 1394 712 1454 tulit
726 1395 868 1456 Asturius
884 1410 944 1456 tarn
962 1393 1108 1476 inignem

92 1481 204 1545 Helenae
226 1478 335 1548 fastam
350 1482 571 1557 contumeliam,
601 1479 743 1543 &statim
759 1483 874 1563 tyranni
891 1481 1036 1564 jugulum
1055 1501 1108 1564 pe·

94 1571 143 1645 tiit,
166 1589 202 1630 ac
228 1567 393 1630 monstrum
416 1571 520 1652 ingens
546 1569 793 1651 horrendumque
815 1569 831 1631 i:
857 1571 956 1633 medio
981 1565 1109 1632 sustulit.

19 1701 20 1718 a
93 1661 149 1720 Nec
163 1655 264 1718 multo
286 1653 350 1738 poll
376 1656 414 1718 ab
438 1656 535 1718 Hoilo
560 1655 675 1724 etesius
691 1658 812 1719 Helenae
834 1653 913 1719 sacer
929 1657 1062 1719 tumulus
1076 1657 1109 1718 in

93 1743 180 1807 insula
206 1765 267 1827 qua
289 1745 385 1826 periit,
409 1747 440 1806 &
453 1743 578 1811 Tumba
602 1745 722 1806 Helenae
740 1745 809 1807 loco
823 1765 935 1826 nomen
948 1759 1017 1827 apte
1031 1744 1109 1806 indi·

95 1850 162 1908 tum,
187 1831 274 1916 quod
295 1831 342 1892 vel
365 1831 456 1893 hodie
470 1828 574 1894 servat.
599 1831 748 1894 Chronica
763 1825 948 1896 Divionense
962 1828 1110 1915 scripioris

19 1945 20 1996 g
95 1941 194 2004 magna
207 1921 365 2000 Asturium
378 1919 465 1980 laude
481 1918 512 1982 in
527 1919 625 1982 Gallia
640 1919 816 1984 militantem
832 1917 1000 2002 hujusmodi
1013 1920 1111 1982 verbis

96 2010 251 2071 attollunt:
276 2014 300 2042 “
312 2005 452 2068 Arturius
467 2027 519 2090 per
533 2027 641 2069 novem
656 2028 748 2070 annos
763 2008 894 2072 Galliam
904 2007 958 2071 fibi
972 2003 1112 2091 subjuga·

98 2104 115 2131 ‘⁶
129 2097 179 2171 vit,
194 2096 350 2157 commisso
365 2115 467 2178 regno,
501 2095 645 2178 &regina
668 2091 719 2157 sua
742 2095 908 2158 Mordredo
930 2095 1031 2177 nepoti
1048 2093 1112 2160 suo.

99 2190 117 2220 “
131 2185 182 2247 Ille
208 2203 281 2244 vero
301 2203 423 2266 regnare
438 2197 590 2264 appetens,
614 2179 663 2246 sed
683 2179 781 2245 solum
804 2184 976 2249 Cetdicium
990 2182 1112 2257 timeus,

99 2280 117 2308 ⁴¹
131 2273 212 2334 dedit
225 2273 263 2345 ei,
279 2288 314 2333 ut
330 2271 383 2332 fibi
395 2267 516 2346 faveret,
533 2268 643 2352 septem
659 2269 729 2334 alias
745 2272 920 2353 provincias,
945 2267 1112 2332 Sudosaxo·

19 2371 21 2422 ζ
100 2367 118 2394 “
131 2364 222 2435 niam,
239 2358 448 2434 Sudorheiam,
466 2360 667 2433 Berrochiam‚
683 2359 999 2442 Vilugiam.‘Duriarn,
1012 2362 1115 2422 Devo-

99 2452 210 2510 “niam
224 2448 254 2508 8<
275 2447 437 2512 Corinium.
482 2446 635 2508 Cerdicius
650 2462 751 2510 autem
772 2449 818 2510 his
839 2445 1022 2509 consentiens
1047 2444 1114 2509 suas

101 2537 293 2618 “provincias
310 2536 409 2596 accitis
423 2535 529 2616 Anglis
543 2531 724 2610 instauravit,
748 2537 948 2598 &coronatus
970 2534 1013 2596 est
1032 2554 1115 2596 more

102 2622 233 2706 “gentili
248 2621 331 2704 apud
346 2625 545 2685 Wintoniam.
592 2623 773 2685 Mordredus
790 2644 859 2685 vero
873 2620 960 2705 super
980 2624 1115 2684 Britones

101 2717 121 2746 “
142 2711 219 2796 apud
235 2711 436 2773 Londoniam.
481 2713 521 2772 Et
538 2711 578 2770 ita
589 2713 742 2773 Cerdicius
755 2731 850 2793 quum
863 2713 1005 2793 regnasset
1019 2709 1117 2772 tribus

19 2797 20 2856 J
103 2805 122 2834 “
135 2801 213 2862 annis
229 2796 316 2872 obiit,
340 2813 477 2860 manente
495 2797 533 2858 ad
549 2798 608 2859 huc
624 2802 748 2861 Artutio
762 2800 792 2860 in
816 2799 934 2861 Galliis.
977 2801 1036 2860 Cui
1050 2796 1115 2858 suc·

19 2903 20 2906 ’
105 2893 124 2921 “
136 2885 210 2949 cessit
220 2886 394 2960 Kinrichus,
403 2887 488 2965 cujus
498 2907 574 2948 anno
585 2883 708 2968 septimo
721 2890 861 2956 Artutius
871 2886 990 2948 rediit.”
1004 2884 1114 2948 Hasie·

105 2973 193 3036 ause*
219 2972 386 3037 Chionitis,
431 2975 561 3047 Habent,
591 2993 658 3055 quae
683 2974 775 3036 modo
799 2978 897 3049 citavi,
930 2995 992 3057 non
1017 2972 1113 3035 solum

105 3057 180 3124 suam
193 3059 417 3143 antiquitatem,
437 3065 641 3124 verumetiam
659 3063 761 3135 fidem,
785 3063 815 3124 81
830 3062 900 3124 serie
922 3062 1054 3146 quadam
1068 3063 1113 3122 bi·
1125 3073 1205 3123 Fotis
1221 3088 1246 3122 a.

22 3201 27 3211 .
105 3147 192 3211 sloriae
203 3147 375 3211 consonant.
393 3151 497 3230 thue
507 3150 667 3232 triumphis
680 3150 796 3211 Asturii
808 3151 845 3211 de
855 3150 952 3213 Gallis
960 3151 1116 3232 aliquanto

19 3239 21 3310 ἐ
104 3239 301 3322 indulgentius
324 3234 437 3298 faveam
464 3237 558 3298 multa
581 3253 720 3318 praeterea
741 3235 820 3311 suut,
843 3259 914 3321 quae
935 3258 992 3322 ego
1015 3236 1117 3300 studio

19 3319 20 3374 ἶ
105 3325 185 3408 plane
199 3320 334 3407 quodam
349 3327 468 3390 omitto.
515 3324 593 3386 Illud
613 3340 711 3386 tamen
727 3339 870 3408 tanquam
897 3328 928 3388 in
952 3321 1117 3388 transcursu

70 3407 74 3422 ’
104 3415 304 3496 attingendum
314 3409 366 3487 est,
377 3410 508 3474 constare
522 3434 561 3474 cx
578 3412 765 3494 inscriptione
778 3413 865 3496 agini
874 3414 989 3475 Asturii
1001 3412 1117 3495 magni,
1143 3427 1148 3434 “

105 3501 137 3562 de
150 3521 211 3584 qua
225 3519 281 3563 nos
295 3497 347 3561 suo
362 3501 428 3560 loco
439 3517 572 3562 accurate
587 3501 729 3574 dicemus,
746 3522 817 3563 eum
831 3500 1000 3584 aliquando
1007 3501 1119 3563 Gallici

19 3591 20 3598 ’
104 3604 299 3673 cognomento
323 3581 498 3670 insignitum
522 3587 617 3650 fuisse.
661 3593 768 3671 Neque
782 3588 862 3652 enim
878 3592 935 3651 hoc
952 3589 1013 3650 sme
1034 3590 1119 3650 lucu·

19 3743 20 3748 η
105 3677 177 3738 lenta
192 3696 327 3758 unquam
338 3673 451 3738 fastum
463 3677 567 3737 caussa.
604 3679 682 3738 Nam
696 3675 732 3737 de
744 3677 875 3759 sigilli&
888 3678 1077 3761 antiquitate,
1091 3676 1122 3738 bc

19 3825 21 3836 ,
105 3766 270 3848 cognitione
294 3763 340 3824 vel
366 3763 528 3838 certissima,
552 3763 627 3824 adeo
653 3765 738 3844 plane
761 3785 822 3826 non
846 3765 964 3839 dubito,
987 3781 1022 3826 ut
1041 3781 1123 3826 certe

19 3853 20 3880 l
106 3851 263 3924 coutidam,
286 3849 380 3911 adsint
395 3851 487 3912 modo
505 3849 621 3930 judices
648 3851 779 3928 candidi,
802 3854 833 3912 a
854 3869 990 3915 veterum
1014 3872 1122 3913 monu-

106 3957 274 4002 mentorum
289 3940 383 4020 gnari‚
397 3935 558 4020 conspicuis
573 3938 771 4020 probaturum
784 3941 1002 4003 metationibus
1016 3939 1123 4022 genui·
1167 4012 1169 4017 ¹

19 4085 20 4100 ,
108 4049 178 4089 num
193 4027 248 4090 esse
261 4025 347 4098 illud,
363 4027 392 4086 8ι
407 4027 445 4087 ab
454 4027 615 4106 archetypo
630 4026 812 4108 profesium.
844 4028 927 4112 Qin
939 4029 1001 4088 haec
1014 4025 1125 4089 restius

19 4113 21 4140 l
108 4111 156 4175 luo
170 4116 249 4176 ioco,
272 4116 408 4176 Tantum
425 4112 455 4174 in
471 4111 619 4195 ptaesentia
634 4115 783 4194 adjiciam,
804 4115 955 4178 Valerium
970 4115 1125 4198 quendam

109 4202 224 4282 triginta
239 4221 399 4282 regnorum
418 4202 456 4263 ab
481 4205 605 4264 Artorio
620 4203 807 4265 devisiorum
831 4203 999 4265 meminisse.
1044 4205 1124 4264 Nam

109 4309 142 4349 eo
156 4286 254 4351 seculo
269 4291 372 4370 ingens
388 4287 563 4372 regulorum
583 4291 672 4355 turba
696 4289 804 4356 insulas
818 4311 877 4357 una
890 4311 964 4378 cum!
982 4289 1125 4352 Gallia&

110 4379 267 4453 Germania
282 4373 464 4444 sub-ditione
477 4378 626 4442 tenebant.

1009 4464 1127 4552 Pugisct
