2942 4884
215 256 463 326 euentura
492 253 752 319 rsnusrn.
785 245 966 324 vrrtoi

132 392 209 482 Qid
223 389 421 455 Pandioniae
408 407 471 492 jam
487 384 556 450 sunt
573 385 626 449 nisi
651 407 762 450 nomen
774 390 932 453 Athenael

172 479 363 544 Carminibus
374 478 481 540 cecinit
491 472 571 538 Naso
583 476 672 558 po'e'ta
688 474 756 538 suis.

23 618 24 629 ,
131 570 186 634 Sed
196 589 250 631 eur
261 565 300 628 stc
310 566 469 648 queritur
462 567 474 608 i
496 563 648 626 florebunt
663 560 778 645 semper
791 564 932 643 Athenae,

170 658 288 718 Atticus
302 671 415 715 aetemo
429 651 555 736 perduct
570 673 621 714 ore
637 650 729 733 lepos.

131 745 221 806 Urbes
236 758 271 804 ut
283 755 414 844 pereant,
438 739 579 801 facundia
593 741 673 801 nulla
689 737 820 820 peribit;

169 831 271 893 Gloria
284 817 402 890 virtutis
417 847 478 889 non
493 831 638 889 moritura
650 828 737 890 viret.

131 923 252 985 Naturae
267 919 340 978 vitio
354 915 422 977 sons
437 932 519 976 areat
532 935 611 976 unns
627 917 656 976 8<
672 915 749 978 alter

23 1050 24 1055 κ
52 1081 56 1088 ¹
168 1005 240 1069 Non
251 1003 437 1086 exspectatus
453 1002 557 1065 tertius
571 1023 638 1065 ecce
654 1002 730 1064 sinit.

23 1124 24 1129 ¹
130 1095 245 1176 Ingenii
260 1091 443 1174 Eloquiique
457 1092 535 1152 vices
550 1107 716 1152 commutat
731 1091 761 1151 8<
776 1089 847 1174 ipsa,

170 1183 219 1244 Sic
234 1195 335 1242 tamen
346 1193 380 1239 ut
396 1195 512 1261 reparet
526 1173 624 1241 semen
637 1181 758 1262 utrique
769 1182 895 1242 bonum.

23 1318 24 1339 2
131 1269 219 1332 Urbis
232 1267 422 1328 Athenarum
437 1282 631 1328 monumenta
642 1267 764 1328 illustria
779 1270 910 1349 multum

170 1352 314 1438 Suspicio,
337 1373 471 1428 ueneror,
495 1355 623 1435 percolO,
648 1353 749 1430 laudo,
772 1373 855 1420 cano.
1046 1427 1052 1442 Ι

129 1448 245 1510 Nomen
261 1443 450 1505 Athenarum
465 1443 537 1502 mibi
553 1462 613 1502 non
629 1442 740 1504 bene'
720 1446 807 1504 tinuit
822 1443 859 1506 ad
875 1461 976 1507 aurem

171 1530 318 1605 Nudum3
342 1532 459 1591 Grauta
476 1528 598 1610 quidem
612 1527 747 1611 personat
767 1527 860 1615 usque
873 1553 950 1595 mea.

129 1618 208 1682 illam
219 1618 370 1681 barbaries
384 1617 528 1699 Scythicis
543 1614 669 1678 soedarit
688 1619 727 1681 ab
743 1619 803 1680 oris

170 1706 297 1778 Urbem,
321 1706 514 1787 progenies&
529 1706 709 1780 truculenta,
733 1709 830 1767 Gerae.

131 1797 212 1857 Hanc
230 1793 385 1875 Sigbettus
399 1811 475 1871 apex
485 1793 579 1875 regni,
604 1794 633 1853 dc
646 1793 824 1875 Burgundio
835 1791 917 1870 felix,

170 1881 336 1945 Certabant
350 1879 453 1941 studiis
471 1881 669 1941 condecorare
684 1879 781 1943 sacris.

130 1972 221 2033 Vicus
239 1969 283 2049 (8c
298 1969 425 2050 exiguus
438 1969 566 2039 tantum)
579 1969 659 2030 male
671 1969 767 2032 teitus
780 1969 808 2030 u
821 1969 881 2046 ille,

170 2059 315 2138 Antiquae
329 2053 417 2136 samae
430 2055 560 2136 perdidit
574 2075 663 2117 omne
677 2057 779 2119 decus.

131 2145 309 2228 Cognitione
321 2144 413 2204 trium
424 2142 595 2224 linguarum
610 2147 724 2206 Granta
738 2141 881 2221 coruscat,

23 2249 24 2253 ’
71 2298 73 2302 ,
171 2234 265 2295 Attici
277 2230 429 2312 &eloquii
442 2229 569 2292 fulmine
584 2231 703 2312 praestat
721 2233 790 2294 acri.

131 2321 328 2406 Qamjuvat
346 2320 482 2400 ingenuae
497 2320 619 2380 nutricis
632 2321 729 2383 dicere
747 2318 868 2382 laudes!

170 2412 259 2470 Parta
274 2427 325 2489 per
339 2405 420 2467 illam
436 2405 623 2468 sinuncmea
638 2406 716 2469 sarna
728 2409 821 2469 nitet!

133 2499 286 2578 Tempora
302 2492 451 2555 deducant
466 2491 587 2573 longam
599 2493 695 2557 felicia
709 2498 812 2568 vitam,

169 2583 328 2649 Laudibus
339 2581 495 2663 assurgam,
519 2586 633 2643 Granta
645 2580 754 2658 serena,
775 2585 843 2644 tuis.

210 2709 264 2774 Ad
275 2711 413 2774 Brienum
427 2707 595 2785 Taetrum,⁸
584 2733 614 2772 m
624 2712 810 2792 frontispicio
825 2711 964 2790 Procopii.

132 2822 307 2953 Siquid
300 2843 330 2884 tn
342 2821 478 2882 humanis
493 2821 528 2882 stt
538 2821 635 2894 rebus,
659 2824 781 2886 reddere
798 2826 883 2908 poffit

205 2910 299 2997 Qud
317 2930 369 2970 nos
384 2909 556 2989 prudentes,
579 2911 666 2972 multi
669 2909 759 2994 sciosq
762 2934 797 2974 ue
813 2916 911 2979 viros:

23 3034 24 3037 ,
131 2999 161 3060 Si
175 2999 249 3080 quid
268 2995 365 3058 srtt
324 3017 352 3057 vr
355 3013 391 3056 tae
405 2997 488 3078 quod
502 2996 604 3077 prosit,
627 3000 657 3059 8(
672 2935 807 3082 undiqque
819 3019 947 3066 mentem

173 3085 333 3156 Moribus
327 3083 466 3145 informet
483 3099 587 3166 terque
601 3103 767 3168 quaterque
783 3088 888 3152 bonis·

132 3175 257 3236 Historia
272 3173 331 3234 hoc
346 3170 475 3254 praestat,
500 3173 606 3235 Tucca
616 3175 803 3253 ornatissime,
827 3169 913 3259 cujus

23 3308 24 3315 r
103 3318 106 3322 .
174 3261 266 3322 Nulla
277 3260 330 3322 tibi
345 3259 445 3321 laudes
457 3260 556 3324 dicere
573 3259 778 3342 Musa'potest.

84 3385 98 3398 ,
133 3350 268 3432 Accipies
282 3347 375 3430 igitur
387 3367 477 3429 quem
492 3349 581 3409 mitto
596 3346 694 3410 fronte
705 3346 804 3412 serena

174 3441 265 3500 Hunc
281 3437 460 3516 Procopum,
482 3433 584 3497 studiis
600 3457 723 3499 munera
738 3441 830 3523 digna
844 3440 913 3503 tuis

206 3563 258 3628 Ad
270 3563 404 3626 Thamara
419 3562 586 3636 Sulmonem,
610 3567 706 3628 Henri
706 3591 736 3630 co
752 3573 862 3645 aliave,
886 3571 999 3656 Anglr'ae

378 3653 461 3734 Regi,
484 3653 521 3714 ab
533 3653 647 3733 Epistol
635 3678 659 3715 rt
676 3653 780 3717 Gals'
742 3679 805 3720 rcrs.

135 3751 231 3878 TU
247 3752 320 3814 mihi
333 3751 498 3815 doslrinam
508 3755 614 3816 tribuis
629 3755 808 3838 laudemque
824 3755 934 3834 diserti,
1036 3777 1037 3781 ’

226 3844 269 3902 Et
281 3840 408 3904 celebras
424 3829 514 3925 longo
530 3863 639 3904 nomen
651 3843 766 3906 honore
780 3866 890 3911 tneurn.

133 3927 203 3989 Non
217 3949 287 4011 ego,
310 3949 350 3990 mr
341 3928 478 4003 Sulmo,
503 3930 552 3992 tali
567 3951 616 3992 me
626 3931 733 4011 dignor
748 3933 870 4035 honore,

176 4020 295 4079 Laurea
315 4018 487 4080 nominibus
506 4020 645 4081 contenit
665 4019 719 4081 ista
741 4022 809 4084 tuis.
1009 4069 1021 4099 χ

353 4146 388 4207 Irr
403 4143 531 4208 natalem
544 4143 627 4208 diem.

23 4226 335 4408 TEmposra
345 4258 477 4320 Pierides
492 4255 579 4320 roseis
596 4260 703 4320 vincite
718 4260 848 4338 corollis,

228 4342 363 4410 consona
383 4346 518 4410 Castaliae
531 4336 582 4411 'fila
555 4350 714 4411 imoretc
731 4351 813 4430 lyrae.

1040 4437 1114 4502 Haec
