2942 4884
135 249 206 328 230

179 1649 184 1661 ·
308 1615 389 1680 mitis
404 1617 543 1698 Salopiae)
568 1613 618 1676 sua
632 1614 737 1698 infigni
763 1614 801 1676 ad
818 1637 925 1678 novam
940 1615 1117 1682 structuram
1132 1619 1339 1684 illustrandam
1429 1620 1433 1630 “

473 255 778 320 RICHARDI
822 259 1092 324 PARKERI

225 437 229 444 .
262 467 265 472 Ι
306 379 530 448 Cantuariensrs
551 401 683 468 quatuor
698 383 911 480 Scholariatus,
934 388 1066 451 Domina
1086 388 1247 455 catharina
1262 391 1342 456 Wil-

305 471 444 557 loughby
460 473 577 535 Ducilla
593 471 745 534 Suffolciae
770 473 867 553 (cujus
892 475 977 538 liberi
998 479 1144 540 Henricus
1166 479 1194 542 ὅ(
1215 482 1344 544 Carolus

306 562 449 624 Braudon
466 565 566 622 Duces
589 559 740 623 Suffolciae
764 561 854 640 hujus
871 563 997 646 Collegii
1012 564 1342 642 socio-Commculales
1365 597 1374 628 r
1443 571 1447 578 '

306 650 487 737 floruerunt)
511 669 643 710 annuum
658 647 846 730 Stipendium
862 647 911 712 sex
927 651 1071 714 librarum
1089 655 1154 736 plus
1171 659 1269 719 minus
1284 657 1342 718 do·

306 739 438 802 naverit:
478 739 610 799 Domina
636 735 787 798 Mildreda
813 738 906 800 Cecill
930 737 1005 820 (filia
1026 743 1152 804 Antonii
1177 747 1283 805 Coolre
1303 745 1344 807 de

306 825 486 905 Giddy-han
502 825 583 906 apud
596 821 747 887 erford
763 828 794 886 in
807 825 894 888 Elsex
906 829 1024 910 Equitis
1036 828 1155 905 Aurati,
1171 852 1250 893 uxor
1261 833 1343 894 Gui-

306 913 401 976 lielmi
422 915 514 975 Cecill
539 915 661 975 baronis
677 914 839 996 Burghley,
863 914 983 977 Summi
998 916 1115 1002 Angliae
1130 915 1353 1002 ‘thesaurariu-

247 1022 251 1031 ’
304 1021 440 1064 annuunt
455 1000 585 1062 reditum
600 1002 719 1082 triginta
734 1001 899 1077 librarum,
912 1003 950 1064 ad
966 997 1013 1080 [ex
1030 1005 1183 1067 Scholares
1199 1007 1341 1069 viclitan·
1464 1005 1469 1016 “

305 1089 361 1152 dos
371 1089 569 1170 affignaverit:
594 1091 724 1150 Domina
735 1083 909 1152 Elizabetha
922 1091 1036 1154 Talbot
1047 1069 1198 1155 Comitilla
1211 1095 1343 1176 Salopiae

308 1175 385 1257 (lilia
410 1179 439 1238 8(
462 1177 584 1240 coheres
608 1178 730 1257 Joannis
757 1179 921 1240 Hardwick
949 1182 986 1240 de
1012 1181 1173 1242 Hardwiclr
1195 1182 1225 1243 in
1248 1187 1341 1264 Cpm.

308 1267 430 1344 Derbiae
453 1266 611 1348 Artnigeti,
635 1281 730 1326 mater
745 1285 798 1346 per
823 1267 959 1328 maritum
979 1269 1107 1348 priorem
1120 1269 1206 1331 Will:
1224 1273 1340 1332 Caven-

308 1355 374 1416 dish
388 1354 528 1427 Militem,
552 1353 653 1415 Caroli
672 1350 843 1416 Cavendilh
859 1356 978 1436 Equitis
995 1358 1114 1430 Aurati,
1137 1359 1166 1419 8(
1182 1359 1342 1420 Guilielmi

307 1444 431 1505 Batonis
447 1441 612 1502 Carendistr
626 1440 663 1502 de
679 1441 853 1516 Hardwiclr,
876 1439 1061 1525 Comitilque
1086 1465 1181 1528 nuper
1207 1467 1260 1526 per
1282 1449 1341 1508 Di·

309 1551 379 1592 rum
395 1529 540 1608 jacobum
557 1527 758 1602 Devoniensm,
782 1530 872 1591 vidua
897 1530 1023 1612 Georgii
1043 1531 1156 1596 Talbot
1180 1531 1253 1596 sexti
1278 1536 1340 1596 Co-

307 1702 511 1768 munificentia
525 1703 677 1766 beaverit:
706 1706 840 1765 Domina
856 1709 942 1767 Anna
956 1707 1110 1788 Rokelley,
1128 1711 1192 1770 'Dr.
1215 1710 1335 1782 Felton,
1404 1779 1410 1787 Δ

304 1797 401 1877 Hugo
431 1792 547 1853 Ancon
579 1790 815 1854 Archidiaeonus
844 1793 1036 1856 Eboracensrs
1067 1795 1238 1876 praediitus,
1283 1799 1341 1882 qui

101 1907 107 1930 ¹
224 1925 226 1929 -
306 1879 429 1944 summae
442 1878 559 1961 pietatis
574 1882 619 1941 vir
633 1878 682 1941 hic
695 1881 725 1940 iu
740 1881 879 1942 exteriori
901 1882 1033 1964 Capella,
1056 1883 1087 1944 in
1113 1884 1232 1947 tumulo
1246 1885 1338 1948 undi-

307 1991 369 2052 que
382 1985 488 2031 ornato
502 1969 577 2029 intra
591 1968 736 2049 parietem
750 1965 924 2050 requiescit:
956 1972 1092 2052 Rogerus
1112 1975 1234 2036 Laxton
1256 1977 1339 2036 Prae·

283 2057 420 2140 'positus
439 2054 618 2132 AEtonenlrs,
641 2055 792 2118 Robertus
808 2058 954 2132 Duckett,
980 2059 1118 2122 Thomas
1133 2063 1227 2136 Lane,
1255 2065 1338 2124 Hen-

306 2148 386 2208 ricus
412 2144 584 2227 Billinglley
604 2143 703 2215 Miles,
739 2141 890 2206 Francisca
912 2146 1038 2222 Jermin,
1074 2146 1256 2230 plurimique
1285 2150 1338 2212 alii

307 2235 455 2308 Proceres,
480 2233 615 2314 Equites,
640 2230 787 2294 Doctores
814 2235 843 2293 8(
866 2234 954 2295 Cives
969 2253 1075 2296 manus
1089 2233 1154 2296 suas
1168 2238 1337 2318 opitulato-

305 2323 363 2382 rias
386 2321 582 2382 admoverint.
627 2322 769 2404 Qorum
788 2321 928 2382 omnium
952 2319 1129 2388 liberalitate
1154 2343 1222 2384 non.
1240 2322 1338 2388 solum

306 2405 467 2470 Praefestus
490 2428 576 2480 unus,
601 2409 680 2468 Socii
708 2426 760 2488 54,
784 2408 935 2469 Scholares
957 2409 1010 2489 84,
1035 2427 1249 2486 numerentur3
1285 2409 1338 2474 sed

287 2492 394 2558 ¹etiam
409 2492 469 2577 ipsa
485 2493 611 2577 Collegii
627 2494 738 2557 fabrica
762 2495 800 2557 ad
822 2511 931 2559 tantam
956 2496 1131 2581 elegantium
1147 2498 1275 2577 devenit,
1301 2516 1338 2562 ut

304 2585 356 2647 vix
371 2580 510 2668 agnoscas
522 2582 678 2644 aemulum.
916 2607 921 2614 ·

298 2707 302 2712 -
351 2677 387 2734 ln
413 2674 546 2755 margine
569 2671 765 2752 Manuscripti
791 2671 855 2733 haec
870 2671 971 2745 verba,
1010 2679 1032 2710 “
1055 2675 1141 2756 Lego
1155 2673 1192 2736 de
1205 2673 1338 2739 Falcone

307 2767 329 2796 “
351 2760 478 2843 Bridges
494 2763 566 2819 M10·
581 2759 708 2842 Collegii
725 2759 773 2821 gri.
791 2761 913 2840 loannis
931 2761 1057 2825 Cantab.
1083 2762 1138 2844 qui
1161 2761 1218 2825 fuit
1243 2761 1339 2828 frater

305 2855 328 2884 ‘⁸
345 2851 451 2932 junior
465 2847 591 2929 Joannis
603 2847 731 2931 Bridges
744 2849 869 2928 Majotis
884 2849 1081 2910 Londinensrs
1102 2867 1197 2932 1520.

297 3058 303 3071 ·
386 3016 543 3119 Custodes
561 3018 711 3127 collegii
729 3027 792 3100 Sti-⁸
815 3022 978 3132 Joonm's
994 3019 1250 3128 Euangelzstae.

299 3191 338 3262 ⁴1.
444 3196 548 3255 Lanus
560 3197 662 3276 Petcy,
679 3193 821 3270 Clericus,
838 3195 868 3257 S.
883 3194 995 3258 Theol.
1013 3197 1070 3272 Dr,
1087 3195 1179 3276 (lilius
1194 3211 1267 3258 natu
1279 3195 1337 3258 mi·

471 3302 525 3343 nor
538 3283 656 3345 Henriei
668 3287 762 3362 Percy
776 3282 825 3360 4⁶·
846 3283 972 3344 Comitis
984 3284 1220 3357 Northunlbriae,
1243 3282 1337 3345 irater

202 3351 209 3368 .
305 3373 474 3436 AEleonorae
490 3371 620 3432 Ducillae
635 3372 891 3453 Buckinghamiae,
922 3371 1023 3432 uxoris
1043 3371 1185 3440 Edwatdi
1201 3371 1336 3435 Stafford

218 4343 225 4353 “
346 4360 378 4423 3.
401 4338 564 4407 Nicholaus
578 4337 737 4418 Medealfe,
760 4335 1008 4410 &Medullorum
1022 4337 1061 4405 de
1085 4343 1194 4430 Nappa
1214 4341 1245 4400 in
1272 4341 1333 4402 Co·

306 3460 366 3544 3³³1·
389 3461 485 3522 Ducis
512 3457 766 3540 Buc'lringhamiae)
789 3455 848 3519 fuit
874 3459 988 3541 primus
1014 3456 1177 3521 Praefeclus
1199 3481 1251 3542 per
1267 3461 1336 3522 Do·

303 3553 392 3612 minae
406 3553 583 3629 Margaretae
605 3560 780 3608 executores
802 3545 978 3629 defignatuS,
1003 3547 1033 3607 8(
1059 3545 1090 3608 in
1114 3549 1248 3610 interiori
1269 3551 1334 3610 ‘Ca-

303 3640 381 3722 pella
395 3633 449 3698 sub
464 3654 609 3699 marmore
623 3653 678 3696 aere
691 3630 873 3717 supraduclo
894 3634 1101 3715 intumulatur.

349 3748 379 3790 a.
403 3724 556 3786 Robertus
572 3721 702 3795 Shirton,
725 3723 813 3784 Aulae
827 3722 934 3783 Penbr.
951 3723 1064 3795 Socius,
1089 3725 1120 3784 S.
1144 3722 1257 3787 Theol.
1274 3727 1333 3788 Dr.

306 3833 400 3896 1512,
422 3812 591 3893 eodemque
614 3830 662 3871 an.
685 3814 779 3872 Dom.
798 3808 918 3883 Custos,
942 3831 1020 3872 unus
1036 3813 1246 3874 Executorum
1260 3815 1329 3874 Do·

301 3905 394 3964 minae
415 3899 593 3982 Margaretae
615 3899 778 3960 Comitillae
802 3897 1009 3960 Richmondiae
1037 3899 1236 3974 Fundatricis‚
1267 3897 1335 3960 De·

301 4009 395 4054 canus
409 4007 469 4049 non
483 3984 577 4048 solum
593 3984 730 4049 Ecclesrae
751 3986 922 4068 Collegiatae
936 3986 974 4048 de
997 3988 1192 4050 stoke-Clare
1211 3989 1240 4048 in
1257 3985 1334 4052 Suffi

300 4077 350 4144 sed
371 4078 401 4136 8(
422 4075 552 4156 Capellae
564 4076 696 4137 Thomae
718 4076 881 4136 Rotheram
892 4072 1114 4158 Archiepiscopi
1130 4072 1333 4156 Eboracenfis,

304 4169 335 4228 8(
350 4163 526 4226 cardinalia.
571 4163 622 4224 Ab
637 4162 727 4242 hujus
740 4163 867 4245 Collegii
882 4159 1059 4244 Magistratu
1075 4165 1194 4248 eligitur
1208 4163 1238 4224 in
1254 4165 1334 4224 Prae·

301 4251 451 4327 festuram
463 4250 551 4311 Aulae
563 4250 671 4313 Penbr.
689 4269 781 4333 1515.
798 4251 827 4311 8(
839 4248 1014 4311 Beuel'aclor
1028 4248 1091 4314 istic
1106 4248 1288 4335 agnoscitur.

1222 4427 1332 4505 miratu
