2942 4884
251 233 298 307 74
538 221 568 301 J.
601 163 850 282 uanannr
882 215 1217 303 aunrquaarr

462 355 524 416 Pax
539 349 666 436 syncera,
691 373 792 434 parens
811 352 841 416 δι
856 355 959 416 nutrix
971 349 1048 414 clara
1058 353 1189 436 Qietis.

362 461 364 470 ‘
382 456 442 504 120
467 441 655 503 Commendo
670 443 783 502 interea
797 441 931 523 zephyris
945 459 1009 503 mea
1023 440 1087 501 vela
1101 438 1244 517 secundis,

464 529 593 612 Naviget
609 544 642 590 ut
655 547 721 589 tuto
736 547 816 589 nunc
836 529 902 590 laeta
916 527 1047 590 carinula
1062 543 1161 610 portu.

443 635 446 644 ’
511 617 657 698 Principio
669 613 792 676 reserum
806 633 898 696 genus
912 615 1079 690 immortale
1092 614 1187 678 beatae

213 709 269 776 Peg.
282 711 326 760 v1.
466 703 556 776 Pacis,
580 703 607 764 &
624 701 765 786 infignem
779 699 999 784 spesiatumque
1011 701 1089 763 illius
1103 718 1218 766 ortum.

399 795 404 808 ‘
467 790 599 851 AElherei
614 788 745 852 summus
760 789 827 851 coeli
842 791 896 872 qui
911 787 1031 862 Reslor,
1055 789 1176 852 &unus

385 895 422 940 12
429 895 444 960 ς
469 877 585 939 Cunsla
599 877 698 939 videns
718 875 808 939 solide
822 897 891 959 quae
903 873 1011 938 fecerat
1025 874 1080 937 esse
1094 873 1223 952 corusca,

469 962 632 1047 Progenuit
643 965 772 1026 nitidam
786 964 886 1027 divino
900 965 1018 1026 numine
1029 967 1146 1040 Pacem,

468 1055 545 1138 Qae
559 1051 636 1114 coelo
650 1053 794 1125 exoriens,
817 1050 908 1115 veluti
924 1071 999 1112 nova
1010 1048 1099 1128 stella,
1122 1051 1254 1114 micaret.

470 1143 504 1201 In
519 1141 713 1214 tertineriam,
736 1139 823 1202 radiis
837 1134 960 1221 speciosa
974 1135 1089 1215 serenis,

472 1228 562 1288 Lenis
578 1227 762 1288 &humanas
777 1241 889 1288 mentes
903 1242 1094 1307 componeret
1107 1221 1178 1307 ipsa.

389 1333 449 1398 130
472 1315 565 1395 Virgo
577 1309 619 1374 sui
640 1315 729 1395 patris
745 1314 873 1395 complet
888 1313 1021 1395 piajussa
1036 1312 1184 1388 renidens,

471 1398 733 1482 Conspicuumque
747 1420 820 1462 auro
830 1398 998 1463 conscendit
1013 1396 1162 1481 splendida
1171 1416 1303 1476 curtum,

474 1491 513 1548 Et
528 1490 650 1550 comites
662 1484 759 1549 secum
775 1488 858 1551 ducit
871 1489 997 1550 Virtutis
1012 1489 1157 1565 alumnas,

473 1578 554 1638 Inter
567 1596 642 1656 quas
657 1578 762 1638 micuit
775 1571 848 1639 felix
863 1575 1033 1658 Astraeaque
1046 1578 1141 1659 virgo,

476 1665 569 1743 Cujus
583 1661 734 1725 concinuit
749 1662 847 1725 laudes
862 1663 918 1725 hoc
932 1682 1048 1725 carmen
1062 1664 1169 1725 Arati:

395 1769 429 1831 13
437 1768 453 1833 ς
478 1756 498 1784 “
514 1754 584 1812 Non
599 1749 672 1810 dum
687 1747 806 1813 vesanos
820 1751 914 1812 rabies
928 1750 1088 1812 nudaverat
1103 1746 1195 1823 enses,

477 1843 499 1874 ‘⁴
514 1840 574 1898 Nec
588 1834 808 1920 consanguineis
822 1834 915 1900 suerat
930 1836 1075 1899 discordia
1088 1840 1192 1900 nota.”

476 1927 548 1989 Haec
561 1925 612 1987 ille
624 1925 749 1988 eximius
762 1941 852 2001 vates,
875 1925 928 2008 qui
941 1924 1034 1987 sidera
1047 1926 1155 2008 pinxit.

475 2012 624 2093 Pluraque
632 2010 790 2094 personuit,
815 2033 923 2096 nempe
938 2028 982 2087 ut,
1005 2008 1201 2075 crescentibus
1215 2010 1291 2074 inter

477 2100 618 2160 Mortales
633 2101 721 2173 vitiis,
744 2098 887 2183 sphaeram
902 2098 1103 2162 conscenderit
1116 2099 1217 2173 altam,

272 2247 275 2254 .
395 2205 455 2266 140
479 2190 518 2249 Et
532 2185 600 2249 toeli
614 2183 714 2250 sortita
729 2191 841 2260 locum,
864 2207 926 2270 qua
937 2189 1089 2270 proximus
1103 2186 1147 2249 illi

479 2275 601 2337 Tardus
621 2275 652 2336 in
667 2272 754 2337 occas
752 2296 803 2337 um
817 2272 949 2357 sequitur
964 2271 1015 2336 sua
1028 2271 1153 2356 plaustra
1166 2279 1289 2337 Bootes.

479 2360 624 2423 Proxima
633 2361 758 2423 colluxit
772 2362 841 2425 laeto
854 2362 1024 2425 Concordia
1036 2362 1134 2437 vultu,

479 2450 508 2510 A
524 2450 635 2509 Graecis
652 2451 736 2511 toties
751 2452 779 2510 &
795 2451 947 2511 decantata
962 2449 1088 2516 Latinis.

481 2531 735 2619 Subsequiturque
746 2540 840 2618 Quies
854 2535 977 2600 coelessis
988 2539 1017 2598 ἃ
1031 2536 1083 2598 illa
1097 2553 1240 2617 propago.

399 2627 458 2706 '145
482 2621 635 2686 Advenere
650 2623 736 2686 fimus
753 2625 857 2698 Pietas,
881 2620 1070 2705 Probitasque
1083 2624 1199 2698 decora,

483 2711 566 2772 Mitis
582 2713 610 2774 a
625 2710 735 2774 eximio
743 2713 908 2775 Clementia
922 2713 1043 2774 nomine
1050 2709 1149 2774 'disla

484 2794 589 2860 Defuit
603 2798 703 2862 officio
714 2821 769 2861 nec
782 2799 858 2860 calla
868 2798 1012 2863 Modestia
1027 2795 1118 2862 sacro.

485 2888 547 2946 Nec
561 2887 634 2949 bene
649 2900 731 2968 grata
747 2887 852 2950 Charis
865 2892 976 2948 muuu's
991 2885 1120 2968 neglexit
1137 2882 1306 2956 honellum,

237 2975 294 3036 Pea-
305 2967 363 3016 vll.
485 2975 566 3056 Qae
579 2971 607 3034 se
626 2972 963 3044 individuamcomitem
978 2994 1099 3056 quoque
1114 2969 1356 3055 praeliitit'ultro.

402 3077 465 3145 150
487 3058 572 3121 Vidit
586 3063 724 3122 Amicitia
736 3063 809 3134 hac,
832 3062 862 3121 ἃ
875 3058 984 3123 sellum
994 3062 1115 3122 circinat
1126 3061 1240 3144 orbem,

485 3146 684 3230 Filiolumqne
698 3145 786 3210 suum
796 3147 897 3210 secum
910 3145 1037 3209 deduxit
1051 3151 1201 3209 Amorem.

485 3236 625 3316 Denique
639 3236 814 3312 candidule,
837 3236 998 3298 redolentia
1012 3231 1087 3296 serta
1101 3235 1238 3308 ferentes,

487 3319 692 3405 Palladiosque
706 3344 795 3385 manu
811 3323 974 3406 quassantes
989 3322 1121 3404 undique
1132 3341 1241 3396 ramos,

491 3409 569 3471 Lilia
583 3411 611 3470 ἃ
623 3410 743 3494 infignis
756 3413 893 3473 candoris
907 3429 1032 3472 munera
1045 3424 1125 3482 nota,

409 3518 446 3583 ις
451 3516 468 3582 5
491 3497 638 3579 Nymphae
653 3518 755 3560 omnes
766 3499 888 3561 comites
902 3493 1016 3559 summe
1031 3511 1204 3559 venerantur
1214 3508 1356 3564 orantem

491 3587 528 3646 In
542 3586 624 3646 terris
640 3606 752 3668 pacem,
775 3583 970 3667 resonantque
986 3585 1132 3666 precantia
1145 3584 1244 3647 verba.

538 3673 628 3735 Talia
642 3671 820 3754 conspiciens
833 3673 900 3733 laeto
911 3675 994 3734 Deus
1009 3671 1098 3733 enitet
1105 3683 1172 3744 ore,

493 3757 568 3823 Pros
564 3759 635 3842 picit
650 3760 781 3822 humano
795 3760 932 3844 &generi
943 3758 1110 3821 miriffimus
1121 3755 1192 3842 ipse,

495 3847 649 3910 Admonet
664 3863 753 3930 atque
769 3848 832 3930 pirre
848 3847 987 3930 perleges
1003 3867 1113 3928 perque
1123 3845 1281 3929 prophetas

413 3936 474 4004 160
495 3936 673 3999 Servandam
687 3937 801 4009 Pacem,
824 3953 892 4017 quae
906 3933 1004 3997 lucida
1022 3935 1142 4016 praemia
1154 3931 1281 3999 confert.

495 4023 579 4102 Qrid
594 4022 677 4108 quod
691 4025 720 4085 &
735 4025 836 4086 aeterni
851 4021 941 4104 patris
952 4041 1075 4104 quoque
1090 4020 1169 4084 filius
1183 4020 1234 4084 ille

496 4111 635 4172 AEternus
650 4110 793 4185 Christus,
816 4108 919 4172 noslrae
934 4106 997 4192 spes
1008 4111 1095 4171 unica
1108 4111 1189 4183 nitae,

496 4196 622 4258 Horrida
638 4218 697 4258 non
712 4202 790 4261 venit
807 4195 957 4281 sparsurus
968 4197 1044 4260 bella
1059 4216 1109 4278 per
1121 4197 1254 4274 0rbem,.
1291 4190 1294 4199 ¹

496 4283 613 4357 Semina
627 4281 774 4368 sparsurus
788 4287 886 4370 potius
898 4283 995 4349 felicia
1013 4286 1104 4365 Pacis,

551 4372 554 4381 “
1139 4404 1143 4411 =
1257 4370 1318 4456 t65
1335 4368 1433 4436 Unde
