2942 4884
399 197 403 204 ι

214 221 261 322 811

310 327 313 338 Ι

489 235 551 317 'J.
597 188 852 293 nunaunt
896 207 1269 311 nitureunntt¹

645 347 787 436 Succeffits
799 347 964 428 studiorum
976 351 1109 432 suorum.

491 469 564 530 Rtes
581 485 628 528 me
643 460 753 545 septem
771 457 874 521 docuit
890 456 1082 519 celeberrima
1097 458 1222 528 Granto,

537 559 576 617 Et
592 551 699 616 Schola
715 565 786 632 quae
801 547 919 608 clarum
933 544 970 606 de
984 543 1062 606 Isrde
1084 564 1194 606 nomen
1209 539 1311 611 habet,

406 636 528 712 Parhlfii
544 659 574 704 at
587 639 688 702 Musas
703 636 780 700 mihi
797 630 960 716 persuasere
974 631 1125 706 colendae,

451 730 630 798 Hinc.variis
646 727 739 790 cecini
754 723 883 786 carmina
898 719 983 785 mista
998 720 1107 784 modis.

463 858 514 922 Ad
526 857 660 920 rhomam
674 847 855 922 Houardun‘t,
880 847 1026 928 Principis
1042 847 1190 909 Icenorum
1197 844 1314 928 filium.

408 974 539 1156 QUI
561 989 655 1054 genus
669 964 770 1030 Herdo
784 964 898 1026 clatum
913 965 951 1025 de
966 961 1109 1046 sanguine
1123 965 1219 1039 ducis,

531 1063 594 1122 Hos
610 1058 674 1140 lege
688 1052 857 1127 versiculos,
868 1051 1008 1114 candide
1023 1057 1055 1115 T
1058 1052 1157 1127 homa,
1181 1072 1278 1116 meos.

406 1157 493 1219 Alter
507 1149 545 1211 ab
561 1146 722 1208 undecimo
731 1139 888 1223 postquam
904 1139 1060 1219 teviderat
1078 1161 1183 1216 annus,

451 1239 604 1323 Ingenium
620 1229 751 1294 excoluit
768 1227 864 1290 nostra
880 1224 990 1291 Thalia
1006 1243 1104 1294 tuum.

405 1327 536 1396 Nomine
551 1343 614 1408 quo
628 1318 743 1388 faveam
754 1330 901 1398 quantum
916 1316 984 1392 tibi,
1008 1315 1088 1378 nulla
1103 1313 1215 1378 reserre

453 1417 574 1498 Lingua
591 1408 730 1492 quidem,
748 1403 797 1466 sed
813 1424 868 1466 nec
877 1399 1002 1466 scribere
1015 1401 1133 1465 arundo
1145 1403 1234 1467 valet.

409 1505 456 1568 O!
483 1505 595 1564 urinam
611 1495 714 1580 polles,
738 1493 799 1555 diis
814 1491 1046 1556 concedentibus
1061 1490 1141 1573 ipsis,
1193 1540 1210 1550 ..

453 1595 591 1662 Cernere,
617 1606 687 1668 quae
703 1579 804 1644 nolito
821 1579 939 1662 peslore
953 1577 1050 1642 clausa
1067 1579 1169 1642 latent.

410 1683 505 1746 Tunc
519 1675 599 1740 reue
613 1673 709 1749 scires,
733 1686 839 1752 quote
855 1682 1020 1751 praeceptor
1034 1668 1191 1730 alumnum
1322 1664 1324 1667 ’
1434 1731 1438 1740 ,
1465 1680 1466 1693 ’

454 1764 616 1850 Prosequar
630 1759 741 1826 eximio
755 1754 867 1839 semper
881 1778 981 1819 amore
996 1775 1107 1818 meum.
1247 1749 1251 1752 ’
1339 1745 1345 1752 ’
1465 1752 1466 1763 ’

408 1856 513 1924 Pervia
527 1851 576 1915 sed
590 1849 732 1933 qubniam
748 1843 884 1906 mortalia
897 1843 1019 1928 pectora
1033 1863 1093 1906 non
1108 1838 1187 1920 sunt,

453 1943 518 2006 Sint
533 1940 622 2004 animi
638 1933 721 1999 testes
735 1933 797 1998 haec
812 1931 971 2018 meaditia
986 1933 1039 2014 pii.

340 2027 342 2032 ⁴
411 2028 561 2114 Siquid&
580 2024 670 2090 officii
684 2039 739 2084 nos
754 2038 782 2084 te
797 2016 968 2104 praesiamut
986 2017 1127 2095 amando,

454 2119 521 2182 Esse
536 2133 612 2200 rogo
629 2126 746 2176 tantum
764 2131 818 2193 par
835 2112 866 2170 in
881 2108 981 2169 amore
996 2105 1079 2168 velis.
1094 2107 1109 2118 “’

768 2228 817 2292 Ad
835 2228 989 2292 Catullum.

461 2347 555 2407 UNT
572 2341 626 2424 qui
641 2337 835 2410 admirantur,
858 2330 926 2396 sunt
939 2335 992 2416 qui
1007 2345 1196 2420 venerantur,
1219 2331 1249 2394 81
1264 2323 1363 2412 usque
1465 2336 1466 2407 J

507 2430 644 2496 Carmina
659 2423 831 2506 suspiciunt,
853 2420 943 2486 docte
958 2421 1087 2495 Catulle,
1112 2436 1173 2486 tua.
1465 2424 1466 2431 ’

411 2527 454 2585 At
474 2520 547 2582 mihi
562 2512 781 2596 Musa'quidem
797 2509 835 2572 src
851 2507 891 2570 est
907 2507 1038 2572 blandita
1054 2506 1194 2584 Marulli,
1214 2557 1219 2572 ,

454 2607 590 2689 Amplius
605 2599 639 2666 ut
654 2601 789 2663 dubitem
807 2617 880 2658 num
903 2613 974 2658 tuus
992 2596 1048 2660 esse
1065 2597 1176 2660 velim:

412 2697 453 2759 Et
468 2696 540 2756 mihi
555 2693 594 2755 fic
609 2689 719 2774 placuit
730 2687 854 2750 Pontani
867 2680 954 2748 Musa
969 2679 1077 2757 diserti,

454 2785 514 2847 Hic
532 2801 589 2866 ego
608 2774 781 2860 dispeream,
804 2773 915 2860 fituus
938 2771 993 2834 esse
1006 2772 1107 2835 velim.
1188 2795 1192 2800 ⁴

716 2895 856 2958 Lucretia
874 2889 1031 2972 pudicitia.

491 3021 597 3081 UUM
616 3013 729 3077 foderet
747 3009 858 3074 castum
879 3004 1012 3073 formosa
1024 3005 1165 3069 Lucretia
1187 2964 1305 3088 podiae,

411 3022 488 3204 Q
536 3106 674 3185 Telaque
694 3116 860 3183 purpureus
877 3098 1004 3178 tingeret
1017 3109 1081 3156 atra
1096 3113 1204 3159 cruor:

412 3202 507 3260 Tunc
522 3193 656 3274 exempla
671 3189 761 3251 dabat
778 3185 877 3248 nullon
899 3184 1043 3260 moritura
1064 3204 1117 3264 per·
1132 3200 1238 3258 annos,

454 3288 553 3370 Quam
570 3299 630 3343 non
645 3274 821 3343 metastasin
835 3293 960 3353 corpore
975 3269 1053 3334 tacta
1067 3268 1137 3332 suit.
1181 3340 1184 3348 Ι
1205 3315 1209 3318 -

787 3401 838 3466 Ad
851 3407 979 3465 Famam.

504 3524 553 3584 lC
575 3517 692 3581 tandem
709 3513 797 3589 mihi,
819 3515 919 3588 Fama,
943 3513 992 3574 die
1012 3511 1130 3588 amabo,

521 3612 601 3672 Num
622 3607 732 3668 donare
746 3601 818 3665 velis
832 3621 910 3663 meas
924 3604 1079 3664 Camoems

413 3705 511 3762 Grato
525 3715 645 3758 munere
664 3693 808 3774 longioris
827 3688 892 3754 aeri.
1017 3762 1019 3765 ι
1067 3755 1075 3774 ι

413 3791 484 3853 Non
499 3782 563 3847 sum
580 3779 690 3845 nescius
708 3779 758 3842 hic
777 3776 899 3863 quidem
911 3774 1047 3840 venustas

413 3876 483 3939 Illas
499 3873 553 3936 elle
569 3890 693 3954 parum:
718 3884 805 3930 tuum
820 3863 952 3928 savorem
1234 3932 1241 3941 l

415 3959 645 4048 Qalescunque
659 3973 757 4018 tamen
771 3969 877 4038 petunt
899 3953 1036 4036 benigne.
1131 3968 1132 3971 ’

406 4055 517 4136 ,Ἧεω
533 4049 554 4110 si
571 4067 648 4109 nunc
662 4043 790 4117 dedetis,
810 4062 894 4106 novae
913 4040 1077 4103 studebunt
1150 4040 1152 4044 ’

416 4142 543 4212 Formae,
567 4155 599 4196 ac
616 4152 801 4216 purpureum
816 4128 942 4193 induent
956 4129 1096 4204 colorem,

377 4297 379 4304 Α
418 4228 463 4300 Ut
478 4224 534 4286 sint
553 4221 714 4306 persimile}
731 4219 915 4298 Catullianis‚

418 4317 463 4376 Ut
477 4312 532 4378 smt
550 4309 712 4397 persimiles
727 4304 926 4382 Marullum,
1288 4387 1315 4455 P
1400 4387 1405 4395 ·

1314 4401 1408 4454 unta·
1465 4438 1466 4469 ,
