2942 4884
238 233 968 305 ASSERTIOARTURIIJ
1189 237 1239 331 61]

94 362 186 430 nium.
209 370 231 400 “
247 363 361 448 Liquu
382 359 609 428 imandacibus
627 365 688 430 eise
708 365 848 443 conficta,
871 388 1060 454 quaecunque
1072 368 1118 435 de

16 497 17 514 2
95 462 115 490 ¹⁶
129 453 254 516 Arturio
268 453 296 514 δι
312 451 443 515 Merlino
454 453 492 514 ad
509 449 687 534 pascendum
694 457 798 538 prinus
813 460 1008 538 prudentium
1017 462 1118 522 curio·

96 548 116 576 “
131 539 245 602 srtatem
263 539 357 604 homo
371 539 422 604 ille
436 537 592 603 scribendo
611 542 779 626 vulgavit.''
825 547 869 606 Ut
892 544 1050 610 sexcenties
1063 547 1138 613 ob·.
1237 567 1240 573 ’

16 621 19 632 ’
93 631 222 712 ganniat,
247 625 305 691 fuit
319 627 444 710 quidem
458 627 602 690 Merlinus
612 630 656 691 vir
670 631 700 692 in
710 651 809 694 retum
821 634 1006 696 naturalium
1016 635 1118 718 cogni·

16 769 17 784 ,
97 719 184 793 tione,
207 717 237 778 8<
254 719 403 798 praecipue
416 718 445 778 in
467 715 602 791 Mathesr,
629 717 674 780 vel
689 717 726 780 ad
748 721 923 797 miraculum
942 719 1036 803 usque
1049 731 1123 784 erud
1235 754 1241 762 ·
1271 757 1278 766 ‚

16 803 18 852 ὲ
95 804 194 866 ditus:
216 824 282 886 quo
297 805 415 866 nontine
431 805 617 886 Principibus
632 807 693 886 ejus
706 809 800 868 aetatis
817 812 923 871 merito
938 808 1122 892 gratiffimue

16 929 17 942 κ
95 905 161 965 erat,
186 893 335 976 longeque
350 892 431 961 alius.
447 912 539 974 quarn
553 909 584 954 ut
596 889 624 956 se
640 909 758 976 putaret
775 892 990 977 subjiciendum
1000 898 1119 977 judicio

16 997 18 1054 t
96 979 218 1059 aiicujus
233 981 383 1051 cucullati,
398 977 544 1042 &defidit
557 979 704 1044 monachi.
741 983 798 1044 Sed
811 987 979 1058 Arturium,
995 986 1119 1047 &Mer-

95 1069 200 1139 linum,
217 1067 300 1130 illum
313 1065 476 1142 fortiorem,
494 1069 575 1130 bunc
589 1071 795 1144 eruditiorem,
809 1092 901 1154 quam
917 1090 950 1134 ut
963 1071 1117 1154 plebisve!

16 1165 17 1170 ’
96 1155 287 1227 dicacitatem,
299 1153 344 1216 vel
355 1156 611 1236 importunitatem
624 1174 738 1230 curent,
754 1158 906 1248 omittam.
929 1160 1019 1232 Illud,
1031 1159 1119 1243 quod

16 1249 17 1282 ³
95 1245 260 1306 monachus
291 1245 436 1310 monacho
460 1246 551 1306 etiam
582 1262 702 1308 mortuo
722 1246 844 1322 invidet,
876 1250 952 1310 mrhr
975 1245 1119 1329 tmquiffi·

16 1359 17 1422 i
96 1351 177 1394 mum
192 1331 323 1396 videtur.
367 1334 485 1394 Poterat
506 1331 672 1400 Gulieimus
699 1337 812 1396 Parvus
835 1337 979 1416 majorem
1001 1335 1118 1410 avitis,

16 1449 17 1454 1
95 1439 183 1501 quam
200 1419 324 1482 mortuis
347 1415 467 1502 speraiie
492 1419 658 1484 victoriam.
705 1425 770 1485 Hoc
785 1425 906 1486 interim
918 1426 949 1486 itt
962 1424 1049 1486 lucro
1062 1421 1120 1487 etio

16 1517 18 1546 ’
95 1507 258 1588 deputabat
272 1505 359 1592 ferire
378 1528 437 1594 uon
449 1509 712 1594 repetendorum..
745 1510 820 1573 Atsr
834 1513 998 1594 quicquam
1017 1524 1122 1575 manee

16 1609 17 1614 ’
96 1597 132 1658 de
152 1596 291 1658 humanis
313 1588 525 1672 rebus‘iciunt,
551 1596 817 1680 persenseritadeo
835 1596 863 1662 se
877 1620 939 1662 non
958 1599 1119 1681 reportaiie

16 1713 17 1718 κ
95 1682 245 1746 victoriam
261 1685 279 1744 ai
293 1681 447 1756 Galfredo,
474 1700 580 1768 praeter
595 1705 716 1770 aequum
736 1691 766 1750 de
789 1687 943 1750 honestum
955 1688 1118 1769 exagitato,

95 1787 128 1834 ut
141 1772 207 1852 ejus
230 1771 268 1834 de
289 1771 408 1834 vulnere
424 1766 479 1834 fibi
496 1788 678 1856 perpetuum
690 1777 799 1847 arduus
814 1774 995 1839 contraxerit
1010 1777 1039 1837 &
1055 1773 1118 1838 sau·

96 1861 227 1943 guinem.
273 1863 337 1922 Nec
352 1855 395 1924 est
411 1860 496 1944 quod
511 1863 685 1926 Urbmatcm
699 1864 852 1926 medicum
864 1861 1042 1928 adfuturum
1052 1860 1118 1944 spe·

97 1963 146 2021 ret,
170 1967 267 2031 quum
287 1949 318 2010 ἃ
344 1945 405 2030 ipse
420 1945 540 2011 interim
555 1949 713 2032 languidus
728 1950 812 2031 petiti
833 1971 905 2013 cura
928 1954 1118 2016 vehementer

95 2035 236 2120 indigeat.
284 2033 469 2117 Superest&
490 2036 570 2099 aliud
586 2038 705 2111 vulnus,
727 2059 791 2119 quo
805 2039 977 2102 Guiieimus
1003 2039 1120 2122 putavit

16 2147 17 2168 t
96 2120 123 2186 ie
137 2122 311 2186 Galfridum
327 2125 373 2186 vel
391 2123 539 2206 iugulaiie.
579 2125 633 2187 'Sic
648 2125 726 2186 enim
740 2125 883 2209 insurgit:
909 2133 930 2161 “
945 2129 1009 2189 Nec
1025 2146 1120 2190 unum

98 2219 118 2250 “
132 2213 258 2294 quidem
272 2207 522 2293 archiepiscopum
540 2231 672 2295 unquam
689 2214 819 2275 habuere
833 2215 999 2277 Britoues.”
1039 2216 1119 2278 Hoc*
1202 2224 1208 2231 '

16 2341 18 2378 ς
98 2301 160 2364 cine
174 2301 256 2380 apud
270 2301 421 2383 Brigantes
433 2299 583 2364 didicisti?
609 2301 740 2362 Atinius
761 2300 955 2378 Meneieuiis,
975 2301 1047 2364 olim
1065 2302 1118 2365 At·
1129 2300 1182 2354 fot
1195 2310 1235 2366 3⁶·
1245 2320 1273 2369 ⁸«-

96 2385 170 2452 fredi
194 2387 309 2470 Magni,
331 2389 407 2470 regis
423 2387 549 2472 Angliae,
575 2405 750 2471 preceptor,
774 2389 856 2452 aliud
884 2409 931 2453 me
955 2390 1059 2453 docuit
1074 2389 1119 2454 his

96 2476 191 2538 verbis
206 2477 238 2536 in
250 2475 328 2536 libro
341 2475 500 2536 Annalium
514 2471 631 2538 suorum
646 2502 653 2538 ι
679 2485 700 2511 “
712 2481 777 2564 Qi
790 2475 864 2562 saepe
873 2477 1121 2561 depraedabatut’·

17 2575 18 2604 ³
99 2563 291 2641 (Hemeidum
315 2563 454 2644 regulum
474 2564 623 2644 inteiligit)
653 2572 672 2600 “
689 2565 765 2626 illud
781 2563 999 2642 monasterium,
1021 2567 1051 2628 dc
1066 2586 1118 2648 pa-

17 2657 18 2682 ³
98 2659 118 2687 ‘⁴
133 2653 251 2712 roeciam
271 2653 301 2712 S.
331 2653 450 2732 Degwi,
474 2652 502 2712 id
527 2649 579 2725 est,
605 2652 740 2718 Davidis.
764 2653 925 2737 aliquando
947 2651 1121 2738 expulsione

99 2745 118 2774 “
136 2739 308 2812 antistitum,
332 2740 429 2820 quiin
446 2759 482 2800 eo
506 2739 664 2820 praeeiient,
689 2741 763 2803 srcut
783 2741 914 2804 &uobis
928 2737 1120 2822 archiepisco·

17 2843 18 2890 t
100 2834 119 2863 ⁴‘
136 2847 205 2907 pum
221 2828 427 2908 propinquum
438 2847 548 2900 meum,
564 2828 947 2912 &mealiquandoexpulit
958 2825 1121 2910 iubipfis.¹‘

17 2957 19 3002 2
99 2915 237 2976 Giraldus
254 2919 352 2986 reiert,
377 2915 407 2976 dr
434 2915 492 2977 fide
517 2915 642 2996 optima,
667 2917 848 2980 Dubricinm
871 2913 1003 2980 Iscanum
1026 2917 1122 2980 archi·

17 3023 18 3066 3
99 2999 265 3084 episcopum
278 2997 371 3064 fuisse.
409 3001 460 3064 Est
474 3005 553 3064 enim
568 3000 627 3064 Isca
646 3006 841 3066 Demetarum
854 3004 926 3066 urbs
944 3003 1123 3067 nobiliistma

17 3077 19 3160 ζ
99 3090 128 3154 δι
152 3086 347 3170 antiquissima
368 3109 487 3172 propter
511 3092 588 3171 ripas
612 3090 740 3154 fluminis
763 3090 891 3170 ejusdem
909 3093 1037 3156 nominis
1056 3091 1122 3166 fita,

17 3169 19 3248 ᾗ
99 3179 210 3259 quae&
227 3179 393 3258 Legionum
420 3180 520 3240 civitas
547 3175 565 3240 it
590 3181 731 3240 Romanis
755 3180 921 3243 dicebatur.
966 3179 1125 3242 Transsata

99 3265 168 3328 inde
180 3265 349 3328 Mtuevinm
365 3267 503 3348 dignitas,
528 3267 579 3328 ubi
596 3263 797 3330 sandiiffimus.
817 3282 908 3350 atque
922 3261 1125 3330 idemdoiiis·

17 3343 18 3350 ἵ
100 3351 191 3416 samus
206 3353 303 3416 David
319 3352 528 3436 archiepiscopi
543 3356 647 3416 enituit
663 3355 848 3418 auctoritare.
895 3352 1048 3438 Sampson,
1063 3353 1126 3418 cia·

99 3440 216 3502 riffimae
244 3439 290 3503 vir
328 3441 488 3517 memoria,
530 3440 766 3526 archiepiscopus
797 3441 989 3518 Meneveusrs,
1024 3443 1142 3524 iiieriy

17 3539 19 3582 t
101 3528 176 3590 ciam
205 3527 311 3609 pestem
344 3523 470 3611 fugiens,
508 3533 691 3592 Armoricam
712 3530 815 3612 petiit:
836 3530 924 3592 ‘uude
947 3531 1035 3614 otigo
1058 3533 1125 3594 Do·

100 3614 186 3678 lenire
205 3613 481 3700 archiepiscop-ntus
532 3621 556 3676 Α
577 3631 708 3698 tempore
732 3636 831 3679 autem
847 3616 1014 3700 Sampsottis
1029 3614 1125 3700 usque

17 3763 18 3768 ,
100 3704 138 3767 ad
155 3707 431 3769 Nottomannotum
457 3705 493 3768 de
509 3705 648 3766 Cambria
672 3705 821 3778 vidiorias,
845 3702 972 3788 episcopi
994 3704 1125 3770 Transa-

101 3792 178 3854 brini
193 3811 295 3854 omnes
311 3811 450 3873 tanquam
467 3791 482 3854 a
499 3789 643 3875 suffragiis
657 3792 815 3856 coniectati
832 3790 898 3854 sunt
920 3791 936 3854 ai
958 3794 1127 3859 Meneveust

102 3880 223 3960 primate
239 3877 301 3953 suo,
326 3884 378 3962 qui
407 3881 555 3942 mordicus
579 3876 740 3958 jus'omne
758 3879 860 3953 suum,-
875 3879 999 3942 cessante
1022 3881 1127 3964 pallio,

102 3967 234 4028 retinuit.
281 3971 414 4049 Apparet
428 3970 517 4032 etiam
532 3989 569 4030 ex
587 3968 718 4050 Diniogo
733 3965 869 4045 silvestri
885 3967 1011 4042 Giraldi,
1028 3972 1127 4032 Cano·

18 4073 20 4108 r
103 4053 184 4119 nicos
199 4053 387 4120 Menevenies
405 4073 538 4137 tempore
564 4057 686 4120 Davidis
712 4053 849 4138 episcopi,
873 4057 926 4136 qui
952 4055 1128 4120 bernhardo

18 4165 19 4172 ¹
102 4138 245 4216 iucceffit,
277 4144 364 4225 egiiie
397 4165 470 4206 cum
497 4143 647 4207 Richardo
672 4148 795 4225 Magno,
812 4175 816 4185 ·
834 4145 1008 4204 Cantiorum
1030 4144 1128 4206 archi·

18 4245 19 4296 1
105 4225 254 4313 episcopo,
291 4251 390 4296 coram
421 4232 598 4315 Hugutione
628 4232 796 4305 Cardinaie,
830 4233 867 4293 de
896 4231 1128 4308 Metropolitano

103 4313 164 4390 suae
176 4316 302 4394 ecclestae
321 4321 401 4412 jure,
425 4319 463 4386 de
477 4321 584 4413 quo&
608 4315 666 4409 ipse
685 4319 830 4390 Guatdus
849 4317 948 4407 postea
970 4315 1082 4468 celestius
1097 4319 1128 4378 in

691 4424 694 4430 ’
959 4421 1129 4494 epicopum
