<?xml version="1.0" encoding="UTF-8"?>
<!DOCTYPE html PUBLIC "-//W3C//DTD XHTML 1.0 Transitional//EN"
    "http://www.w3.org/TR/xhtml1/DTD/xhtml1-transitional.dtd">
<html xmlns="http://www.w3.org/1999/xhtml" xml:lang="en" lang="en">
 <head>
  <title>
</title>
<meta http-equiv="Content-Type" content="text/html;charset=utf-8" />
  <meta name='ocr-system' content='tesseract 3.04.00' />
  <meta name='ocr-capabilities' content='ocr_page ocr_carea ocr_par ocr_line ocrx_word'/>
</head>
<body>
  <div class='ocr_page' id='page_1' title='image "./joannislelandia15lelagoog_0269.png"; bbox 0 0 2942 4884; ppageno 0'>
   <div class='ocr_carea' id='block_1_1' title="bbox 248 213 866 306">
    <p class='ocr_par' dir='ltr' id='par_1_1' title="bbox 248 213 866 306">
     <span class='ocr_line' id='line_1_1' title="bbox 248 213 866 306; baseline 0.006 -11"><span class='ocrx_word' id='word_1_1' title='bbox 248 229 420 306; x_wconf 74' lang='lat' dir='ltr'>nurse.</span> <span class='ocrx_word' id='word_1_2' title='bbox 443 220 611 292; x_wconf 83' lang='lat' dir='ltr'>conc.</span> <span class='ocrx_word' id='word_1_3' title='bbox 649 228 681 290; x_wconf 74' lang='lat' dir='ltr'>a</span> <span class='ocrx_word' id='word_1_4' title='bbox 715 213 866 298; x_wconf 72' lang='lat' dir='ltr'>noea.</span> 
     </span>
    </p>
   </div>
   <div class='ocr_carea' id='block_1_2' title="bbox 7 367 1035 4331">
    <p class='ocr_par' dir='ltr' id='par_1_2' title="bbox 7 367 1035 4331">
     <span class='ocr_line' id='line_1_2' title="bbox 85 367 872 456; baseline -0.003 -18"><span class='ocrx_word' id='word_1_5' title='bbox 85 369 216 439; x_wconf 86' lang='lat' dir='ltr'>Passusve</span> <span class='ocrx_word' id='word_1_6' title='bbox 229 367 341 447; x_wconf 86' lang='lat' dir='ltr'>fuerim</span> <span class='ocrx_word' id='word_1_7' title='bbox 358 367 429 444; x_wconf 90' lang='lat' dir='ltr'>illic,</span> <span class='ocrx_word' id='word_1_8' title='bbox 453 372 538 432; x_wconf 84' lang='lat' dir='ltr'>Deus</span> <span class='ocrx_word' id='word_1_9' title='bbox 552 371 655 444; x_wconf 80' lang='lat' dir='ltr'>novit,</span> <span class='ocrx_word' id='word_1_10' title='bbox 669 391 790 456; x_wconf 78' lang='lat' dir='ltr'>egoque</span> <span class='ocrx_word' id='word_1_11' title='bbox 870 427 872 436; x_wconf 17' lang='grc' dir='ltr'>χ</span> 
     </span>
     <span class='ocr_line' id='line_1_3' title="bbox 87 460 780 542; baseline -0.003 -17"><span class='ocrx_word' id='word_1_12' title='bbox 87 461 178 535; x_wconf 78' lang='lat' dir='ltr'>Sensi,</span> <span class='ocrx_word' id='word_1_13' title='bbox 202 463 231 522; x_wconf 89' lang='lat'>&amp;</span> <span class='ocrx_word' id='word_1_14' title='bbox 245 461 399 542; x_wconf 86' lang='lat' dir='ltr'>loquetur,</span> <span class='ocrx_word' id='word_1_15' title='bbox 424 477 472 520; x_wconf 91' lang='lat' dir='ltr'>me</span> <span class='ocrx_word' id='word_1_16' title='bbox 488 473 614 533; x_wconf 88' lang='lat' dir='ltr'>tacente,</span> <span class='ocrx_word' id='word_1_17' title='bbox 640 460 780 522; x_wconf 80' lang='lat' dir='ltr'>Ecclesra.</span> 
     </span>
     <span class='ocr_line' id='line_1_4' title="bbox 130 543 706 630; baseline -0.007 -18"><span class='ocrx_word' id='word_1_18' title='bbox 130 547 200 612; x_wconf 88' lang='lat' dir='ltr'>Post</span> <span class='ocrx_word' id='word_1_19' title='bbox 209 564 340 630; x_wconf 90' lang='lat' dir='ltr'>quatuor</span> <span class='ocrx_word' id='word_1_20' title='bbox 355 543 466 608; x_wconf 80' lang='lat' dir='ltr'>menses</span> <span class='ocrx_word' id='word_1_21' title='bbox 482 547 592 627; x_wconf 87' lang='lat' dir='ltr'>recipio</span> <span class='ocrx_word' id='word_1_22' title='bbox 606 546 706 608; x_wconf 82' lang='lat' dir='ltr'>literas</span> 
     </span>
     <span class='ocr_line' id='line_1_5' title="bbox 94 632 671 720; baseline -0.007 -20"><span class='ocrx_word' id='word_1_23' title='bbox 94 637 224 720; x_wconf 88' lang='lat' dir='ltr'>Collegii</span> <span class='ocrx_word' id='word_1_24' title='bbox 244 633 456 706; x_wconf 67' lang='lat' dir='ltr'>narniniensis,</span> <span class='ocrx_word' id='word_1_25' title='bbox 480 653 549 716; x_wconf 84' lang='lat' dir='ltr'>quae</span> <span class='ocrx_word' id='word_1_26' title='bbox 561 632 671 699; x_wconf 84' lang='lat' dir='ltr'>statum</span> 
     </span>
     <span class='ocr_line' id='line_1_6' title="bbox 93 721 828 805; baseline -0.001 -15"><span class='ocrx_word' id='word_1_27' title='bbox 93 731 226 792; x_wconf 87' lang='lat' dir='ltr'>Narrant</span> <span class='ocrx_word' id='word_1_28' title='bbox 239 723 417 798; x_wconf 88' lang='lat' dir='ltr'>dolendum,</span> <span class='ocrx_word' id='word_1_29' title='bbox 441 741 549 803; x_wconf 89' lang='lat' dir='ltr'>meque</span> <span class='ocrx_word' id='word_1_30' title='bbox 562 721 748 805; x_wconf 86' lang='lat' dir='ltr'>propofitum</span> <span class='ocrx_word' id='word_1_31' title='bbox 762 723 828 796; x_wconf 81' lang='lat' dir='ltr'>fore</span> 
     </span>
     <span class='ocr_line' id='line_1_7' title="bbox 91 809 767 891; baseline -0.004 -13"><span class='ocrx_word' id='word_1_32' title='bbox 91 814 127 878; x_wconf 90' lang='lat' dir='ltr'>Id</span> <span class='ocrx_word' id='word_1_33' title='bbox 143 828 179 876; x_wconf 94' lang='lat' dir='ltr'>ut</span> <span class='ocrx_word' id='word_1_34' title='bbox 193 810 363 874; x_wconf 67' lang='lat' dir='ltr'>resarmem.</span> <span class='ocrx_word' id='word_1_35' title='bbox 409 813 562 891; x_wconf 81' lang='lat' dir='ltr'>Deprecor</span> <span class='ocrx_word' id='word_1_36' title='bbox 578 809 767 888; x_wconf 86' lang='lat' dir='ltr'>acerbiffime,</span> 
     </span>
     <span class='ocr_line' id='line_1_8' title="bbox 86 898 809 985; baseline 0.001 -22"><span class='ocrx_word' id='word_1_37' title='bbox 86 904 130 964; x_wconf 92' lang='lat' dir='ltr'>Ut</span> <span class='ocrx_word' id='word_1_38' title='bbox 145 900 201 985; x_wconf 89' lang='lat' dir='ltr'>qui</span> <span class='ocrx_word' id='word_1_39' title='bbox 217 899 311 982; x_wconf 87' lang='lat' dir='ltr'>probe</span> <span class='ocrx_word' id='word_1_40' title='bbox 324 898 434 972; x_wconf 83' lang='lat' dir='ltr'>ndrim,</span> <span class='ocrx_word' id='word_1_41' title='bbox 457 917 552 979; x_wconf 87' lang='lat' dir='ltr'>quam</span> <span class='ocrx_word' id='word_1_42' title='bbox 572 899 692 979; x_wconf 87' lang='lat' dir='ltr'>ineptus</span> <span class='ocrx_word' id='word_1_43' title='bbox 708 903 809 964; x_wconf 84' lang='lat' dir='ltr'>Curiae</span> 
     </span>
     <span class='ocr_line' id='line_1_9' title="bbox 87 986 858 1070; baseline 0.003 -18"><span class='ocrx_word' id='word_1_44' title='bbox 87 990 205 1064; x_wconf 80' lang='lat' dir='ltr'>Effem3</span> <span class='ocrx_word' id='word_1_45' title='bbox 229 989 321 1070; x_wconf 85' lang='lat' dir='ltr'>idque</span> <span class='ocrx_word' id='word_1_46' title='bbox 335 986 448 1049; x_wconf 77' lang='lat' dir='ltr'>virIbus</span> <span class='ocrx_word' id='word_1_47' title='bbox 463 1005 556 1066; x_wconf 88' lang='lat' dir='ltr'>quam</span> <span class='ocrx_word' id='word_1_48' title='bbox 570 986 667 1068; x_wconf 86' lang='lat' dir='ltr'>impar</span> <span class='ocrx_word' id='word_1_49' title='bbox 680 1007 758 1051; x_wconf 82' lang='lat' dir='ltr'>onus</span> <span class='ocrx_word' id='word_1_50' title='bbox 773 991 858 1070; x_wconf 88' lang='lat' dir='ltr'>meis,</span> 
     </span>
     <span class='ocr_line' id='line_1_10' title="bbox 88 1069 802 1162; baseline 0.001 -24"><span class='ocrx_word' id='word_1_51' title='bbox 88 1081 275 1162; x_wconf 84' lang='lat' dir='ltr'>Qantoque</span> <span class='ocrx_word' id='word_1_52' title='bbox 290 1074 467 1158; x_wconf 87' lang='lat' dir='ltr'>praejudicio</span> <span class='ocrx_word' id='word_1_53' title='bbox 481 1069 603 1135; x_wconf 85' lang='lat' dir='ltr'>onustus</span> <span class='ocrx_word' id='word_1_54' title='bbox 619 1092 691 1136; x_wconf 90' lang='lat' dir='ltr'>tunc</span> <span class='ocrx_word' id='word_1_55' title='bbox 708 1098 802 1139; x_wconf 92' lang='lat' dir='ltr'>eram.</span> 
     </span>
     <span class='ocr_line' id='line_1_11' title="bbox 86 1161 850 1254; baseline 0.007 -29"><span class='ocrx_word' id='word_1_56' title='bbox 86 1171 212 1254; x_wconf 85' lang='lat' dir='ltr'>Qanta</span> <span class='ocrx_word' id='word_1_57' title='bbox 226 1161 361 1245; x_wconf 86' lang='lat' dir='ltr'>undique</span> <span class='ocrx_word' id='word_1_58' title='bbox 374 1162 444 1224; x_wconf 89' lang='lat' dir='ltr'>odia</span> <span class='ocrx_word' id='word_1_59' title='bbox 458 1162 489 1222; x_wconf 90' lang='lat' dir='ltr'>in</span> <span class='ocrx_word' id='word_1_60' title='bbox 503 1182 552 1223; x_wconf 92' lang='lat' dir='ltr'>me</span> <span class='ocrx_word' id='word_1_61' title='bbox 566 1164 735 1226; x_wconf 80' lang='lat' dir='ltr'>excitavero</span> <span class='ocrx_word' id='word_1_62' title='bbox 753 1163 850 1244; x_wconf 86' lang='lat' dir='ltr'>miser,</span> 
     </span>
     <span class='ocr_line' id='line_1_12' title="bbox 84 1247 780 1334; baseline -0.004 -16"><span class='ocrx_word' id='word_1_63' title='bbox 84 1254 156 1319; x_wconf 79' lang='lat' dir='ltr'>Illic</span> <span class='ocrx_word' id='word_1_64' title='bbox 171 1253 278 1334; x_wconf 84' lang='lat' dir='ltr'>pedem</span> <span class='ocrx_word' id='word_1_65' title='bbox 293 1250 315 1313; x_wconf 88' lang='lat' dir='ltr'>fi</span> <span class='ocrx_word' id='word_1_66' title='bbox 331 1247 481 1332; x_wconf 86' lang='lat' dir='ltr'>posuero?</span> <span class='ocrx_word' id='word_1_67' title='bbox 506 1249 649 1312; x_wconf 87' lang='lat' dir='ltr'>Ozelus!</span> <span class='ocrx_word' id='word_1_68' title='bbox 674 1249 780 1315; x_wconf 83' lang='lat' dir='ltr'>furor!</span> 
     </span>
     <span class='ocr_line' id='line_1_13' title="bbox 89 1336 660 1424; baseline -0.007 -20"><span class='ocrx_word' id='word_1_69' title='bbox 89 1344 118 1404; x_wconf 93' lang='grc' dir='ltr'>Ο</span> <span class='ocrx_word' id='word_1_70' title='bbox 134 1342 214 1424; x_wconf 90' lang='lat' dir='ltr'>ignis</span> <span class='ocrx_word' id='word_1_71' title='bbox 229 1336 379 1401; x_wconf 87' lang='lat' dir='ltr'>infernalis</span> <span class='ocrx_word' id='word_1_72' title='bbox 395 1345 402 1399; x_wconf 82' lang='lat' dir='ltr'>i</span> <span class='ocrx_word' id='word_1_73' title='bbox 426 1341 454 1399; x_wconf 94' lang='lat'>0</span> <span class='ocrx_word' id='word_1_74' title='bbox 467 1337 634 1419; x_wconf 86' lang='lat' dir='ltr'>Collegium</span> <span class='ocrx_word' id='word_1_75' title='bbox 653 1345 660 1400; x_wconf 93' lang='lat'><strong>!</strong></span> 
     </span>
     <span class='ocr_line' id='line_1_14' title="bbox 89 1428 866 1511; baseline 0.004 -17"><span class='ocrx_word' id='word_1_76' title='bbox 89 1432 200 1511; x_wconf 87' lang='lat' dir='ltr'>Neque</span> <span class='ocrx_word' id='word_1_77' title='bbox 214 1429 339 1490; x_wconf 87' lang='lat' dir='ltr'>vulnera</span> <span class='ocrx_word' id='word_1_78' title='bbox 362 1443 414 1488; x_wconf 87' lang='lat' dir='ltr'>tua</span> <span class='ocrx_word' id='word_1_79' title='bbox 430 1428 490 1507; x_wconf 85' lang='lat' dir='ltr'>pati</span> <span class='ocrx_word' id='word_1_80' title='bbox 507 1441 586 1506; x_wconf 90' lang='lat' dir='ltr'>pote,</span> <span class='ocrx_word' id='word_1_81' title='bbox 611 1447 709 1510; x_wconf 89' lang='lat' dir='ltr'>neque</span> <span class='ocrx_word' id='word_1_82' title='bbox 723 1432 866 1498; x_wconf 80' lang='lat' dir='ltr'>remedia.</span> 
     </span>
     <span class='ocr_line' id='line_1_15' title="bbox 134 1513 896 1605; baseline 0.008 -27"><span class='ocrx_word' id='word_1_83' title='bbox 134 1517 221 1578; x_wconf 89' lang='lat' dir='ltr'>Maio</span> <span class='ocrx_word' id='word_1_84' title='bbox 235 1513 375 1599; x_wconf 87' lang='lat' dir='ltr'>sequente</span> <span class='ocrx_word' id='word_1_85' title='bbox 395 1528 527 1576; x_wconf 87' lang='lat' dir='ltr'>revertor</span> <span class='ocrx_word' id='word_1_86' title='bbox 548 1513 586 1575; x_wconf 90' lang='lat' dir='ltr'>ad</span> <span class='ocrx_word' id='word_1_87' title='bbox 607 1516 727 1579; x_wconf 84' lang='lat' dir='ltr'>charam</span> <span class='ocrx_word' id='word_1_88' title='bbox 746 1521 896 1605; x_wconf 83' lang='lat' dir='ltr'>Angliam,</span> 
     </span>
     <span class='ocr_line' id='line_1_16' title="bbox 91 1601 747 1684; baseline 0.002 -17"><span class='ocrx_word' id='word_1_89' title='bbox 91 1602 218 1668; x_wconf 67' lang='lat' dir='ltr'>istsurus</span> <span class='ocrx_word' id='word_1_90' title='bbox 234 1624 270 1665; x_wconf 89' lang='lat' dir='ltr'>an</span> <span class='ocrx_word' id='word_1_91' title='bbox 288 1602 398 1684; x_wconf 88' lang='lat' dir='ltr'>possem</span> <span class='ocrx_word' id='word_1_92' title='bbox 414 1601 547 1684; x_wconf 84' lang='lat' dir='ltr'>effugere</span> <span class='ocrx_word' id='word_1_93' title='bbox 563 1602 747 1684; x_wconf 84' lang='lat' dir='ltr'>Collegium.</span> 
     </span>
     <span class='ocr_line' id='line_1_17' title="bbox 91 1684 698 1774; baseline -0.002 -19"><span class='ocrx_word' id='word_1_94' title='bbox 91 1694 212 1755; x_wconf 85' lang='lat' dir='ltr'>Virtute</span> <span class='ocrx_word' id='word_1_95' title='bbox 227 1693 321 1774; x_wconf 89' lang='lat' dir='ltr'>Regis</span> <span class='ocrx_word' id='word_1_96' title='bbox 337 1691 455 1772; x_wconf 87' lang='lat' dir='ltr'>optimi,</span> <span class='ocrx_word' id='word_1_97' title='bbox 472 1684 508 1751; x_wconf 71' lang='lat' dir='ltr'>&#39;a</span> <span class='ocrx_word' id='word_1_98' title='bbox 523 1692 631 1753; x_wconf 88' lang='lat' dir='ltr'>merito</span> <span class='ocrx_word' id='word_1_99' title='bbox 645 1691 698 1755; x_wconf 92' lang='lat' dir='ltr'>suo</span> 
     </span>
     <span class='ocr_line' id='line_1_18' title="bbox 86 1778 764 1861; baseline 0.001 -18"><span class='ocrx_word' id='word_1_100' title='bbox 86 1778 209 1844; x_wconf 77' lang='lat' dir='ltr'>&#39;In-sede</span> <span class='ocrx_word' id='word_1_101' title='bbox 226 1781 326 1861; x_wconf 90' lang='lat' dir='ltr'>prima&#39;</span> <span class='ocrx_word' id='word_1_102' title='bbox 335 1780 452 1861; x_wconf 89' lang='lat' dir='ltr'>reperio</span> <span class='ocrx_word' id='word_1_103' title='bbox 469 1796 635 1859; x_wconf 89' lang='lat' dir='ltr'>patronum</span> <span class='ocrx_word' id='word_1_104' title='bbox 652 1801 764 1856; x_wconf 89' lang='lat' dir='ltr'>meum,</span> 
     </span>
     <span class='ocr_line' id='line_1_19' title="bbox 91 1865 611 1950; baseline -0.006 -19"><span class='ocrx_word' id='word_1_105' title='bbox 91 1868 226 1950; x_wconf 87' lang='lat' dir='ltr'>Reperio</span> <span class='ocrx_word' id='word_1_106' title='bbox 240 1867 460 1929; x_wconf 88' lang='lat' dir='ltr'>Canceilarium</span> <span class='ocrx_word' id='word_1_107' title='bbox 472 1865 611 1948; x_wconf 86' lang='lat' dir='ltr'>Collegii.</span> 
     </span>
     <span class='ocr_line' id='line_1_20' title="bbox 92 1954 800 2037; baseline 0.003 -17"><span class='ocrx_word' id='word_1_108' title='bbox 92 1955 215 2020; x_wconf 87' lang='lat' dir='ltr'>Frustra</span> <span class='ocrx_word' id='word_1_109' title='bbox 229 1955 342 2018; x_wconf 89' lang='lat' dir='ltr'>labot0.</span> <span class='ocrx_word' id='word_1_110' title='bbox 388 1954 566 2036; x_wconf 83' lang='lat' dir='ltr'>Praepositus</span> <span class='ocrx_word' id='word_1_111' title='bbox 581 1969 617 2016; x_wconf 93' lang='lat' dir='ltr'>ut</span> <span class='ocrx_word' id='word_1_112' title='bbox 632 1954 685 2017; x_wconf 85' lang='lat' dir='ltr'>stm</span> <span class='ocrx_word' id='word_1_113' title='bbox 701 1956 800 2037; x_wconf 90' lang='lat' dir='ltr'>jubet.</span> 
     </span>
     <span class='ocr_line' id='line_1_21' title="bbox 93 2040 788 2126; baseline -0.003 -18"><span class='ocrx_word' id='word_1_114' title='bbox 93 2048 141 2108; x_wconf 93' lang='lat' dir='ltr'>Eo</span> <span class='ocrx_word' id='word_1_115' title='bbox 157 2045 379 2126; x_wconf 87' lang='lat' dir='ltr'>Cantabrigiam</span> <span class='ocrx_word' id='word_1_116' title='bbox 393 2044 507 2114; x_wconf 88' lang='lat' dir='ltr'>Socius,</span> <span class='ocrx_word' id='word_1_117' title='bbox 529 2044 558 2103; x_wconf 71' lang='grc' dir='ltr'>ἃ</span> <span class='ocrx_word' id='word_1_118' title='bbox 574 2040 640 2123; x_wconf 89' lang='lat' dir='ltr'>post</span> <span class='ocrx_word' id='word_1_119' title='bbox 656 2043 788 2106; x_wconf 88' lang='lat' dir='ltr'>Comitia</span> 
     </span>
     <span class='ocr_line' id='line_1_22' title="bbox 79 2128 943 2213; baseline 0.006 -18"><span class='ocrx_word' id='word_1_120' title='bbox 79 2137 172 2210; x_wconf 78' lang='lat' dir='ltr'>Rus,</span> <span class='ocrx_word' id='word_1_121' title='bbox 194 2148 320 2193; x_wconf 84' lang='lat' dir='ltr'>matrem</span> <span class='ocrx_word' id='word_1_122' title='bbox 336 2131 388 2191; x_wconf 90' lang='lat' dir='ltr'>ubi</span> <span class='ocrx_word' id='word_1_123' title='bbox 403 2128 528 2192; x_wconf 87' lang='lat' dir='ltr'>ultimus</span> <span class='ocrx_word' id='word_1_124' title='bbox 542 2129 639 2195; x_wconf 88' lang='lat' dir='ltr'>video.</span> <span class='ocrx_word' id='word_1_125' title='bbox 680 2133 775 2213; x_wconf 76' lang='lat' dir='ltr'>Cujus</span> <span class='ocrx_word' id='word_1_126' title='bbox 790 2130 883 2200; x_wconf 87' lang='lat' dir='ltr'>domo</span> <span class='ocrx_word' id='word_1_127' title='bbox 941 2141 943 2146; x_wconf 85' lang='grc'><strong>’</strong></span> 
     </span>
     <span class='ocr_line' id='line_1_23' title="bbox 97 2216 838 2303; baseline -0.003 -18"><span class='ocrx_word' id='word_1_128' title='bbox 97 2223 158 2285; x_wconf 87' lang='lat' dir='ltr'>Die</span> <span class='ocrx_word' id='word_1_129' title='bbox 175 2216 280 2287; x_wconf 86' lang='lat' dir='ltr'>ea&#39;dem</span> <span class='ocrx_word' id='word_1_130' title='bbox 295 2221 324 2280; x_wconf 81' lang='grc' dir='ltr'>8ι</span> <span class='ocrx_word' id='word_1_131' title='bbox 340 2216 423 2290; x_wconf 80' lang='lat' dir='ltr'>hora,</span> <span class='ocrx_word' id='word_1_132' title='bbox 446 2217 558 2301; x_wconf 84' lang='lat' dir='ltr'>quibus</span> <span class='ocrx_word' id='word_1_133' title='bbox 573 2236 643 2281; x_wconf 88' lang='lat' dir='ltr'>ante</span> <span class='ocrx_word' id='word_1_134' title='bbox 656 2239 838 2303; x_wconf 82' lang='lat' dir='ltr'>acceperam,</span> 
     </span>
     <span class='ocr_line' id='line_1_24' title="bbox 94 2304 1013 2388; baseline -0.001 -15"><span class='ocrx_word' id='word_1_135' title='bbox 94 2307 165 2373; x_wconf 89' lang='lat' dir='ltr'>Post</span> <span class='ocrx_word' id='word_1_136' title='bbox 187 2324 231 2369; x_wconf 90' lang='lat' dir='ltr'>ter</span> <span class='ocrx_word' id='word_1_137' title='bbox 246 2327 353 2370; x_wconf 88' lang='lat' dir='ltr'>novem</span> <span class='ocrx_word' id='word_1_138' title='bbox 368 2325 475 2380; x_wconf 83' lang='lat' dir='ltr'>annos,</span> <span class='ocrx_word' id='word_1_139' title='bbox 499 2322 571 2369; x_wconf 89' lang='lat' dir='ltr'>tunc</span> <span class='ocrx_word' id='word_1_140' title='bbox 586 2304 756 2372; x_wconf 86' lang='lat' dir='ltr'>sodalitium</span> <span class='ocrx_word' id='word_1_141' title='bbox 770 2330 861 2388; x_wconf 86' lang='lat' dir='ltr'>exuo,</span> <span class='ocrx_word' id='word_1_142' title='bbox 910 2371 911 2378; x_wconf 68' lang='grc'>,</span> <span class='ocrx_word' id='word_1_143' title='bbox 1012 2333 1013 2344; x_wconf 59' lang='grc'>’</span> 
     </span>
     <span class='ocr_line' id='line_1_25' title="bbox 93 2391 994 2461; baseline 0.002 -2"><span class='ocrx_word' id='word_1_144' title='bbox 93 2395 305 2460; x_wconf 85' lang='lat' dir='ltr'>Dulciffimum</span> <span class='ocrx_word' id='word_1_145' title='bbox 327 2392 509 2457; x_wconf 88' lang='lat' dir='ltr'>terrestrium</span> <span class='ocrx_word' id='word_1_146' title='bbox 527 2395 734 2461; x_wconf 55' lang='lat' dir='ltr'>beneficium.¹</span> <span class='ocrx_word' id='word_1_147' title='bbox 990 2391 994 2396; x_wconf 73' lang='grc'><strong><em>’</em></strong></span> 
     </span>
     <span class='ocr_line' id='line_1_26' title="bbox 137 2476 803 2564; baseline 0.005 -18"><span class='ocrx_word' id='word_1_148' title='bbox 137 2476 258 2547; x_wconf 84' lang='lat' dir='ltr'>Exinde</span> <span class='ocrx_word' id='word_1_149' title='bbox 274 2481 361 2545; x_wconf 85' lang='lat' dir='ltr'>tristis</span> <span class='ocrx_word' id='word_1_150' title='bbox 381 2501 486 2564; x_wconf 84' lang='lat' dir='ltr'>aequor</span> <span class='ocrx_word' id='word_1_151' title='bbox 500 2485 576 2543; x_wconf 87' lang='lat' dir='ltr'>itero</span> <span class='ocrx_word' id='word_1_152' title='bbox 591 2484 803 2564; x_wconf 86' lang='lat' dir='ltr'>Hibernicum,</span> 
     </span>
     <span class='ocr_line' id='line_1_27' title="bbox 27 2568 675 2656; baseline 0 -20"><span class='ocrx_word' id='word_1_153' title='bbox 27 2599 32 2608; x_wconf 91' lang='lat'><em>·</em></span> <span class='ocrx_word' id='word_1_154' title='bbox 93 2570 231 2656; x_wconf 86' lang='lat' dir='ltr'>Augusti·</span> <span class='ocrx_word' id='word_1_155' title='bbox 241 2573 328 2633; x_wconf 89' lang='lat' dir='ltr'>initio</span> <span class='ocrx_word' id='word_1_156' title='bbox 351 2568 467 2633; x_wconf 88' lang='lat' dir='ltr'>deseror</span> <span class='ocrx_word' id='word_1_157' title='bbox 483 2571 675 2636; x_wconf 88' lang='lat' dir='ltr'>Dublinium.</span> 
     </span>
     <span class='ocr_line' id='line_1_28' title="bbox 95 2657 770 2743; baseline -0.003 -19"><span class='ocrx_word' id='word_1_158' title='bbox 95 2659 276 2743; x_wconf 76' lang='lat' dir='ltr'>Praepositus</span> <span class='ocrx_word' id='word_1_159' title='bbox 297 2660 411 2742; x_wconf 83' lang='lat' dir='ltr'>eligor:</span> <span class='ocrx_word' id='word_1_160' title='bbox 436 2677 491 2719; x_wconf 88' lang='lat' dir='ltr'>nec</span> <span class='ocrx_word' id='word_1_161' title='bbox 504 2657 648 2727; x_wconf 89' lang='lat' dir='ltr'>admittor</span> <span class='ocrx_word' id='word_1_162' title='bbox 671 2675 770 2722; x_wconf 90' lang='lat' dir='ltr'>tamen</span> 
     </span>
     <span class='ocr_line' id='line_1_29' title="bbox 92 2746 840 2843; baseline -0.001 -32"><span class='ocrx_word' id='word_1_163' title='bbox 92 2749 146 2812; x_wconf 88' lang='lat' dir='ltr'>Ad</span> <span class='ocrx_word' id='word_1_164' title='bbox 160 2750 302 2831; x_wconf 86' lang='lat' dir='ltr'>regimen.</span> <span class='ocrx_word' id='word_1_165' title='bbox 347 2751 393 2809; x_wconf 91' lang='lat' dir='ltr'>Ita</span> <span class='ocrx_word' id='word_1_166' title='bbox 408 2746 653 2828; x_wconf 84' lang='lat' dir='ltr'>quidamvoluit.</span> <span class='ocrx_word' id='word_1_167' title='bbox 697 2749 840 2843; x_wconf 72' lang='lat' dir='ltr'>Injuriam</span> 
     </span>
     <span class='ocr_line' id='line_1_30' title="bbox 93 2833 830 2918; baseline 0.001 -19"><span class='ocrx_word' id='word_1_168' title='bbox 93 2833 237 2918; x_wconf 84' lang='lat' dir='ltr'>Ignoscat</span> <span class='ocrx_word' id='word_1_169' title='bbox 252 2833 305 2916; x_wconf 76' lang='lat' dir='ltr'>ipsu</span> <span class='ocrx_word' id='word_1_170' title='bbox 321 2833 398 2896; x_wconf 86' lang='lat' dir='ltr'>hanc</span> <span class='ocrx_word' id='word_1_171' title='bbox 411 2838 507 2906; x_wconf 78' lang='lat' dir='ltr'>Deua,</span> <span class='ocrx_word' id='word_1_172' title='bbox 530 2833 558 2896; x_wconf 79' lang='lat' dir='ltr'>bt</span> <span class='ocrx_word' id='word_1_173' title='bbox 577 2836 830 2900; x_wconf 80' lang='lat' dir='ltr'>innumerabiles!</span> 
     </span>
     <span class='ocr_line' id='line_1_31' title="bbox 95 2920 595 3006; baseline -0.006 -19"><span class='ocrx_word' id='word_1_174' title='bbox 95 2929 192 2988; x_wconf 90' lang='lat' dir='ltr'>Nouo</span> <span class='ocrx_word' id='word_1_175' title='bbox 207 2920 355 3006; x_wconf 83' lang='lat' dir='ltr'>sequentis</span> <span class='ocrx_word' id='word_1_176' title='bbox 370 2922 525 2984; x_wconf 83' lang='lat' dir='ltr'>Februarii</span> <span class='ocrx_word' id='word_1_177' title='bbox 547 2922 595 2984; x_wconf 85' lang='lat' dir='ltr'>die</span> 
     </span>
     <span class='ocr_line' id='line_1_32' title="bbox 99 2995 852 3094; baseline 0.003 -20"><span class='ocrx_word' id='word_1_178' title='bbox 99 3009 257 3091; x_wconf 84' lang='lat' dir='ltr'>(Tandem</span> <span class='ocrx_word' id='word_1_179' title='bbox 272 3011 394 3094; x_wconf 85' lang='lat' dir='ltr'>expiato</span> <span class='ocrx_word' id='word_1_180' title='bbox 406 3010 529 3074; x_wconf 88' lang='lat' dir='ltr'>crimine</span> <span class='ocrx_word' id='word_1_181' title='bbox 549 3008 628 3072; x_wconf 82' lang='lat' dir='ltr'>haud</span> <span class='ocrx_word' id='word_1_182' title='bbox 645 2995 762 3072; x_wconf 60' lang='lat' dir='ltr'>&#39;visendi</span> <span class='ocrx_word' id='word_1_183' title='bbox 782 3031 852 3076; x_wconf 90' lang='lat' dir='ltr'>eum</span> 
     </span>
     <span class='ocr_line' id='line_1_33' title="bbox 7 3098 767 3186; baseline 0.007 -31"><span class='ocrx_word' id='word_1_184' title='bbox 7 3143 9 3155; x_wconf 77' lang='grc'>,</span> <span class='ocrx_word' id='word_1_185' title='bbox 94 3104 206 3186; x_wconf 81' lang='lat' dir='ltr'>Qum</span> <span class='ocrx_word' id='word_1_186' title='bbox 220 3119 271 3161; x_wconf 85' lang='lat' dir='ltr'>rus</span> <span class='ocrx_word' id='word_1_187' title='bbox 293 3099 402 3178; x_wconf 84' lang='lat' dir='ltr'>abiret)</span> <span class='ocrx_word' id='word_1_188' title='bbox 425 3100 563 3180; x_wconf 90' lang='lat' dir='ltr'>recipior.</span> <span class='ocrx_word' id='word_1_189' title='bbox 611 3098 767 3180; x_wconf 89' lang='lat' dir='ltr'>Recolligo</span> 
     </span>
     <span class='ocr_line' id='line_1_34' title="bbox 94 3184 974 3272; baseline 0 -22"><span class='ocrx_word' id='word_1_190' title='bbox 94 3191 171 3250; x_wconf 89' lang='lat' dir='ltr'>Me:</span> <span class='ocrx_word' id='word_1_191' title='bbox 195 3204 261 3249; x_wconf 92' lang='lat' dir='ltr'>tum</span> <span class='ocrx_word' id='word_1_192' title='bbox 279 3188 406 3250; x_wconf 86' lang='lat' dir='ltr'>minime</span> <span class='ocrx_word' id='word_1_193' title='bbox 420 3185 524 3248; x_wconf 83' lang='lat' dir='ltr'>omisso</span> <span class='ocrx_word' id='word_1_194' title='bbox 543 3184 599 3248; x_wconf 85' lang='lat' dir='ltr'>esse</span> <span class='ocrx_word' id='word_1_195' title='bbox 613 3185 769 3268; x_wconf 87' lang='lat' dir='ltr'>oportebat</span> <span class='ocrx_word' id='word_1_196' title='bbox 784 3189 896 3265; x_wconf 87' lang='lat' dir='ltr'>animo,</span> <span class='ocrx_word' id='word_1_197' title='bbox 972 3263 974 3272; x_wconf 42' lang='lat'>,</span> 
     </span>
     <span class='ocr_line' id='line_1_35' title="bbox 95 3270 791 3357; baseline -0.007 -17"><span class='ocrx_word' id='word_1_198' title='bbox 95 3279 202 3340; x_wconf 83' lang='lat' dir='ltr'>Deum</span> <span class='ocrx_word' id='word_1_199' title='bbox 218 3295 333 3357; x_wconf 89' lang='lat' dir='ltr'>precor,</span> <span class='ocrx_word' id='word_1_200' title='bbox 357 3289 391 3335; x_wconf 92' lang='lat' dir='ltr'>ut</span> <span class='ocrx_word' id='word_1_201' title='bbox 407 3275 437 3336; x_wconf 84' lang='lat'>&amp;</span> <span class='ocrx_word' id='word_1_202' title='bbox 459 3294 546 3356; x_wconf 87' lang='lat' dir='ltr'>agere</span> <span class='ocrx_word' id='word_1_203' title='bbox 567 3270 657 3334; x_wconf 90' lang='lat' dir='ltr'>sortia</span> <span class='ocrx_word' id='word_1_204' title='bbox 679 3272 708 3335; x_wconf 79' lang='lat' dir='ltr'>bc</span> <span class='ocrx_word' id='word_1_205' title='bbox 728 3275 791 3356; x_wconf 83' lang='lat' dir='ltr'>pati</span> 
     </span>
     <span class='ocr_line' id='line_1_36' title="bbox 95 3360 827 3444; baseline 0 -18"><span class='ocrx_word' id='word_1_206' title='bbox 95 3360 209 3426; x_wconf 86' lang='lat' dir='ltr'>Poffim</span> <span class='ocrx_word' id='word_1_207' title='bbox 229 3383 280 3444; x_wconf 89' lang='lat' dir='ltr'>per</span> <span class='ocrx_word' id='word_1_208' title='bbox 294 3363 358 3443; x_wconf 75' lang='lat' dir='ltr'>ejus</span> <span class='ocrx_word' id='word_1_209' title='bbox 373 3363 513 3444; x_wconf 84' lang='lat' dir='ltr'>gratiam.</span> <span class='ocrx_word' id='word_1_210' title='bbox 557 3362 697 3444; x_wconf 88' lang='lat' dir='ltr'>Optimus</span> <span class='ocrx_word' id='word_1_211' title='bbox 710 3364 827 3427; x_wconf 86' lang='lat' dir='ltr'>annuit.</span> 
     </span>
     <span class='ocr_line' id='line_1_37' title="bbox 144 3449 671 3534; baseline 0 -22"><span class='ocrx_word' id='word_1_212' title='bbox 144 3451 263 3514; x_wconf 84' lang='lat' dir='ltr'>Exinde</span> <span class='ocrx_word' id='word_1_213' title='bbox 282 3471 330 3512; x_wconf 92' lang='lat' dir='ltr'>me</span> <span class='ocrx_word' id='word_1_214' title='bbox 350 3449 488 3534; x_wconf 91' lang='lat' dir='ltr'>Collegio</span> <span class='ocrx_word' id='word_1_215' title='bbox 508 3465 588 3511; x_wconf 86' lang='lat' dir='ltr'>totus</span> <span class='ocrx_word' id='word_1_216' title='bbox 602 3449 671 3512; x_wconf 91' lang='lat' dir='ltr'>dico</span> 
     </span>
     <span class='ocr_line' id='line_1_38' title="bbox 94 3537 863 3621; baseline 0 -19"><span class='ocrx_word' id='word_1_217' title='bbox 94 3544 135 3602; x_wconf 90' lang='lat' dir='ltr'>In</span> <span class='ocrx_word' id='word_1_218' title='bbox 148 3538 285 3600; x_wconf 90' lang='lat' dir='ltr'>ordinem</span> <span class='ocrx_word' id='word_1_219' title='bbox 300 3554 334 3599; x_wconf 93' lang='lat' dir='ltr'>ut</span> <span class='ocrx_word' id='word_1_220' title='bbox 348 3537 490 3619; x_wconf 87' lang='lat' dir='ltr'>redigam.</span> <span class='ocrx_word' id='word_1_221' title='bbox 535 3537 653 3620; x_wconf 87' lang='lat' dir='ltr'>Redigo</span> <span class='ocrx_word' id='word_1_222' title='bbox 669 3539 863 3621; x_wconf 87' lang='lat' dir='ltr'>pergratiam</span> 
     </span>
     <span class='ocr_line' id='line_1_39' title="bbox 96 3623 794 3709; baseline 0 -21"><span class='ocrx_word' id='word_1_223' title='bbox 96 3629 165 3709; x_wconf 85' lang='lat' dir='ltr'>Dei</span> <span class='ocrx_word' id='word_1_224' title='bbox 178 3628 248 3700; x_wconf 89' lang='lat' dir='ltr'>mei,</span> <span class='ocrx_word' id='word_1_225' title='bbox 271 3625 321 3686; x_wconf 89' lang='lat' dir='ltr'>cui</span> <span class='ocrx_word' id='word_1_226' title='bbox 339 3626 449 3688; x_wconf 84' lang='lat' dir='ltr'>laus&amp;</span> <span class='ocrx_word' id='word_1_227' title='bbox 472 3627 567 3688; x_wconf 89' lang='lat' dir='ltr'>honor</span> <span class='ocrx_word' id='word_1_228' title='bbox 587 3626 619 3686; x_wconf 92' lang='lat' dir='ltr'>in</span> <span class='ocrx_word' id='word_1_229' title='bbox 640 3623 794 3688; x_wconf 88' lang='lat' dir='ltr'>seculum!</span> 
     </span>
     <span class='ocr_line' id='line_1_40' title="bbox 94 3709 1035 3804; baseline 0.011 -28"><span class='ocrx_word' id='word_1_230' title='bbox 94 3714 184 3800; x_wconf 81' lang='lat' dir='ltr'>Qid</span> <span class='ocrx_word' id='word_1_231' title='bbox 200 3734 258 3776; x_wconf 93' lang='lat' dir='ltr'>non</span> <span class='ocrx_word' id='word_1_232' title='bbox 275 3710 381 3795; x_wconf 88' lang='lat' dir='ltr'>pa&#39;tior,</span> <span class='ocrx_word' id='word_1_233' title='bbox 405 3714 550 3777; x_wconf 86' lang='lat' dir='ltr'>hoedum</span> <span class='ocrx_word' id='word_1_234' title='bbox 566 3715 648 3795; x_wconf 84' lang='lat' dir='ltr'>ago?</span> <span class='ocrx_word' id='word_1_235' title='bbox 672 3717 791 3792; x_wconf 91' lang='lat' dir='ltr'>Ruunt,</span> <span class='ocrx_word' id='word_1_236' title='bbox 814 3709 895 3778; x_wconf 75' lang='lat' dir='ltr'>facto&#39;</span> <span class='ocrx_word' id='word_1_237' title='bbox 908 3720 1035 3804; x_wconf 82' lang='lat' dir='ltr'>agmine,</span> 
     </span>
     <span class='ocr_line' id='line_1_41' title="bbox 93 3798 841 3885; baseline -0.005 -18"><span class='ocrx_word' id='word_1_238' title='bbox 93 3808 140 3868; x_wconf 90' lang='lat' dir='ltr'>In</span> <span class='ocrx_word' id='word_1_239' title='bbox 160 3824 208 3864; x_wconf 90' lang='lat' dir='ltr'>me</span> <span class='ocrx_word' id='word_1_240' title='bbox 230 3798 354 3884; x_wconf 89' lang='lat' dir='ltr'>profana</span> <span class='ocrx_word' id='word_1_241' title='bbox 375 3800 473 3875; x_wconf 89' lang='lat' dir='ltr'>turba,</span> <span class='ocrx_word' id='word_1_242' title='bbox 488 3804 604 3880; x_wconf 81' lang='lat' dir='ltr'>¹Roma,</span> <span class='ocrx_word' id='word_1_243' title='bbox 628 3805 841 3885; x_wconf 87' lang='lat' dir='ltr'>Gevennaque.</span> 
     </span>
     <span class='ocr_line' id='line_1_42' title="bbox 95 3887 822 3973; baseline -0.003 -18"><span class='ocrx_word' id='word_1_244' title='bbox 95 3888 251 3973; x_wconf 85' lang='lat' dir='ltr'>Experior</span> <span class='ocrx_word' id='word_1_245' title='bbox 271 3887 320 3950; x_wconf 90' lang='lat' dir='ltr'>hic</span> <span class='ocrx_word' id='word_1_246' title='bbox 341 3887 417 3951; x_wconf 88' lang='lat' dir='ltr'>illud</span> <span class='ocrx_word' id='word_1_247' title='bbox 441 3889 670 3972; x_wconf 84' lang='lat' dir='ltr'>Redemptoris;</span> <span class='ocrx_word' id='word_1_248' title='bbox 703 3896 727 3929; x_wconf 88' lang='lat'><strong>“</strong></span> <span class='ocrx_word' id='word_1_249' title='bbox 750 3891 822 3953; x_wconf 90' lang='lat' dir='ltr'>odio</span> 
     </span>
     <span class='ocr_line' id='line_1_43' title="bbox 96 3976 822 4052; baseline 0 -11"><span class='ocrx_word' id='word_1_250' title='bbox 96 3986 122 4018; x_wconf 87' lang='lat'><strong><em>“</em></strong></span> <span class='ocrx_word' id='word_1_251' title='bbox 149 3978 341 4041; x_wconf 85' lang='lat' dir='ltr'>Habebimini</span> <span class='ocrx_word' id='word_1_252' title='bbox 355 3976 393 4039; x_wconf 91' lang='lat' dir='ltr'>ab</span> <span class='ocrx_word' id='word_1_253' title='bbox 411 3977 562 4052; x_wconf 83' lang='lat' dir='ltr'>omnibus,</span> <span class='ocrx_word' id='word_1_254' title='bbox 586 3979 616 4040; x_wconf 77' lang='lat' dir='ltr'>u</span> <span class='ocrx_word' id='word_1_255' title='bbox 631 3977 822 4041; x_wconf 87' lang='lat' dir='ltr'>adducemini</span> 
     </span>
     <span class='ocr_line' id='line_1_44' title="bbox 100 4064 1031 4158; baseline 0.006 -28"><span class='ocrx_word' id='word_1_256' title='bbox 100 4075 125 4104; x_wconf 87' lang='lat'><strong>“</strong></span> <span class='ocrx_word' id='word_1_257' title='bbox 153 4067 202 4130; x_wconf 87' lang='lat' dir='ltr'>Ad</span> <span class='ocrx_word' id='word_1_258' title='bbox 219 4064 384 4148; x_wconf 82' lang='lat' dir='ltr'>praefides.&#39;&#39;</span> <span class='ocrx_word' id='word_1_259' title='bbox 417 4065 477 4128; x_wconf 89' lang='lat' dir='ltr'>Sed</span> <span class='ocrx_word' id='word_1_260' title='bbox 497 4067 527 4127; x_wconf 85' lang='lat' dir='ltr'>8c</span> <span class='ocrx_word' id='word_1_261' title='bbox 542 4066 601 4141; x_wconf 82' lang='lat' dir='ltr'>hoc</span> <span class='ocrx_word' id='word_1_262' title='bbox 625 4066 704 4146; x_wconf 89' lang='lat' dir='ltr'>(tibi,</span> <span class='ocrx_word' id='word_1_263' title='bbox 729 4067 872 4143; x_wconf 86' lang='lat' dir='ltr'>Domine,</span> <span class='ocrx_word' id='word_1_264' title='bbox 889 4073 992 4152; x_wconf 85' lang='lat' dir='ltr'>gratiae</span> <span class='ocrx_word' id='word_1_265' title='bbox 1007 4077 1031 4158; x_wconf 83' lang='lat' dir='ltr'>l)</span> 
     </span>
     <span class='ocr_line' id='line_1_45' title="bbox 96 4153 892 4237; baseline 0.004 -20"><span class='ocrx_word' id='word_1_266' title='bbox 96 4161 124 4192; x_wconf 85' lang='lat'><strong>“</strong></span> <span class='ocrx_word' id='word_1_267' title='bbox 151 4154 240 4217; x_wconf 86' lang='lat' dir='ltr'>Dabo</span> <span class='ocrx_word' id='word_1_268' title='bbox 255 4154 331 4237; x_wconf 90' lang='lat' dir='ltr'>quid</span> <span class='ocrx_word' id='word_1_269' title='bbox 353 4153 551 4236; x_wconf 86' lang='lat' dir='ltr'>loquamini.’&#39;</span> <span class='ocrx_word' id='word_1_270' title='bbox 574 4155 684 4216; x_wconf 73' lang='lat' dir='ltr'>Dedit</span> <span class='ocrx_word' id='word_1_271' title='bbox 701 4170 781 4224; x_wconf 80' lang='lat' dir='ltr'>certe</span> <span class='ocrx_word' id='word_1_272' title='bbox 796 4159 892 4236; x_wconf 86' lang='lat' dir='ltr'>Deus,</span> 
     </span>
     <span class='ocr_line' id='line_1_46' title="bbox 94 4238 706 4331; baseline -0.002 -23"><span class='ocrx_word' id='word_1_273' title='bbox 94 4240 247 4331; x_wconf 84' lang='lat' dir='ltr'>Opusque</span> <span class='ocrx_word' id='word_1_274' title='bbox 261 4244 413 4328; x_wconf 83' lang='lat' dir='ltr'>promovit</span> <span class='ocrx_word' id='word_1_275' title='bbox 427 4238 610 4309; x_wconf 86' lang='lat' dir='ltr'>reformandi</span> <span class='ocrx_word' id='word_1_276' title='bbox 627 4243 706 4326; x_wconf 80' lang='lat' dir='ltr'>pius.</span> 
     </span>
    </p>
   </div>
   <div class='ocr_carea' id='block_1_3' title="bbox 949 4413 1086 4484">
    <p class='ocr_par' dir='ltr' id='par_1_3' title="bbox 949 4413 1086 4514">
     <span class='ocr_line' id='line_1_47' title="bbox 949 4413 1086 4484; baseline 0.029 -4"><span class='ocrx_word' id='word_1_277' title='bbox 949 4413 1086 4484; x_wconf 80' lang='lat' dir='ltr'>Subinde</span> 
     </span>
    </p>
   </div>
   <div class='ocr_carea' id='block_1_4' title="bbox 0 0 1487 4884">
    <p class='ocr_par' dir='ltr' id='par_1_4' title="bbox 0 0 1487 4884">
     <span class='ocr_line' id='line_1_48' title="bbox 0 0 1487 4884; baseline 0 0"><span class='ocrx_word' id='word_1_278' title='bbox 0 0 1487 4884; x_wconf 95' lang='lat' dir='ltr'> </span> 
     </span>
    </p>
   </div>
  </div>
 </body>
</html>
