2942 4884
216 256 741 336 nnbortrnrttusru,
760 261 944 330 vrrtottr

139 395 187 461 llis
200 416 332 483 campos,
354 393 457 457 studiis
473 410 553 457 mote
568 395 754 470 Britannicis,

27 484 28 489 ’
138 491 212 570 Qae
227 483 267 547 src
281 484 427 545 auxilium
442 484 625 565 concupiunt
640 485 755 544 tuum?

27 640 28 643 Ἴ
138 572 243 634 Venisti
259 586 293 632 ut
307 587 418 632 veteres
434 568 527 652 sospes
546 569 688 631 amiculos

27 714 28 723 ,
136 664 222 723 Nunc
238 658 359 720 tandem
375 654 549 720 recolas?
533 661 574 716 o!
600 659 715 719 niveam
729 657 804 720 mihi

137 748 262 822 Lucem,
285 765 360 846 quae.
371 747 484 827 potnit
489 761 516 807 te
531 744 623 806 modo
637 744 763 808 reddere

136 838 291 917 Optatum
305 833 393 894 toties
410 828 533 894 sollicita
548 850 643 914 prece

27 912 28 975 l
136 925 206 984 Haec
222 919 301 983 sestis
316 920 432 982 radians
445 913 605 982 frondibus
618 917 661 982 est
675 919 751 997 dies,

55 1080 60 1091 .
137 1012 175 1070 Et
192 1006 276 1071 sertis
290 1007 365 1070 mihi
379 1006 520 1090 fignanda
534 1008 725 1070 recentibus.

135 1094 205 1159 Haec
220 1095 324 1158 votiva
338 1096 409 1170 dies,
433 1095 501 1158 haec'
511 1093 586 1156 mihi
597 1095 714 1158 calculo

136 1179 284 1246 Ornanda
298 1180 340 1244 est
354 1185 460 1245 niveo:
484 1201 552 1264 quae
565 1180 653 1244 fimul
667 1181 786 1265 expulit

136 1272 234 1334 Curas
249 1269 267 1331 ἐ
282 1269 409 1337 tremulo
425 1267 544 1352 pestore
555 1269 721 1351 lugubreis‚

27 1368 28 1415 4
137 1359 176 1419 Et
191 1373 220 1421 te
234 1356 376 1420 delicium
389 1358 485 1420 reddit
495 1357 636 1421 amabile.

136 1447 203 1507 Non
217 1459 296 1509 certe
309 1444 403 1524 lyrico
416 1445 543 1528 lauriger
556 1444 608 1509 ille
621 1459 686 1508 erat
718 1465 721 1468 ’

137 1532 244 1595 Flacco
258 1530 404 1614 Virgilius
416 1535 542 1615 gratior,
564 1533 674 1595 Atticis

137 1618 341 1702 Post'lougnm
353 1619 470 1682 rediens
485 1633 605 1702 tempus
620 1619 658 1682 ab
672 1619 793 1698 intimis,

27 1706 28 1789 J
138 1711 236 1791 Qam
253 1703 384 1788 Lupsete
395 1707 469 1769 mihi
483 1721 517 1769 tu
528 1705 620 1770 modo
634 1707 772 1771 reddite:

27 1794 28 1807 ¹
136 1797 236 1879 Qem
250 1793 375 1876 longum
389 1795 509 1877 cupiens
522 1813 641 1857 cernere
657 1793 765 1878 saepins
833 1792 835 1796 ’

140 1882 293 1946 Lassabam
310 1883 436 1965 Superos
454 1883 577 1944 vocibus
596 1879 713 1967 asperis.

397 2002 585 2082 Posteritatis
604 2022 687 2066 amor
699 2001 813 2067 dubius.

140 2105 537 2229 posteritatisamormibi
552 2106 769 2191 perblanditur,
791 2108 916 2172 &ultro
1170 2159 1173 2166 .

27 2212 28 2279 ζ
204 2195 357 2259 Promittit
371 2195 455 2259 libris
469 2193 565 2258 secula
580 2195 676 2257 multa
690 2197 775 2258 meis

27 2290 28 2297 ’
138 2287 177 2346 At
190 2299 325 2346 nontam
340 2279 434 2344 facile
440 2281 481 2351 est
494 2283 636 2346 oculato
629 2304 794 2365 imponere,
817 2278 906 2346 nosco

177 2376 280 2454 Qum
302 2387 364 2432 non
378 2368 430 2433 sim
447 2371 497 2432 tali
511 2370 621 2454 diguus
634 2371 751 2434 bonore
765 2369 837 2432 frui.

138 2457 256 2522 Graecia
275 2445 482 2540 magniloquos
495 2464 577 2521 rates
599 2456 746 2522 desiderat
760 2455 831 2543 ipsa,

167 2547 278 2610 ,Roma
292 2541 359 2607 suos
373 2548 464 2607 etiam
480 2542 636 2627 disperiisse
650 2546 741 2611 dolet

27 2636 28 2693 ἐ
138 2634 291 2716 Exemplis
307 2653 441 2715 quumr
421 2633 474 2694 fim
490 2633 576 2696 claris
595 2633 721 2696 edusius
733 2633 773 2696 ab
786 2632 859 2711 illis,

178 2721 242 2806 Qri
255 2717 372 2803 sperem
381 2719 522 2782 Musas
495 2742 592 2786 vivere
604 2722 683 2804 posse
694 2743 773 2784 meas
786 2725 797 2784 ἓ

139 2812 226 2871 Certe
241 2810 284 2870 mi
298 2806 341 2870 sat
353 2809 410 2870 erit
425 2805 561 2890 praesenti
575 2808 701 2873 scribere
715 2806 802 2885 secie,
907 2821 911 2832 '

178 2896 314 2967 Auribus
327 2897 357 2957 dr
372 2897 479 2978 patriae
491 2896 703 2980 complacuisse.
715 2919 802 2962 meae.

260 3025 311 3090 Ad
323 3029 457 3093 carolum
471 3021 619 3107 Bloudum,
635 3029 714 3094 Guil.
727 3026 828 3096 Blandi
830 3027 943 3114 filium.

86 3166 88 3171 ·
187 3135 304 3194 Atrum
316 3132 475 3195 candidule
489 3153 528 3195 en
542 3133 597 3195 tibi
611 3132 751 3198 libellum

83 3238 89 3248 ·
207 3222 302 3284 Dono
317 3222 423 3283 Carole
438 3221 596 3296 mittimus,
618 3241 710 3302 quem
725 3224 859 3288 Homero

138 3309 252 3392 Magno
267 3304 478 3390 Thespiadum
492 3303 569 3370 sacer
582 3305 717 3373 sotorum

138 3395 181 3456 Ut
194 3416 269 3457 vero
280 3394 386 3457 tribuit
401 3395 510 3458 chorus
524 3397 649 3477 parenti.

141 3485 193 3546 Tu
206 3501 316 3544 munus
326 3479 422 3565 specie
435 3484 505 3546 licet
522 3482 664 3564 pusillum

27 3578 28 3625 ἐ
139 3571 185 3632 Ne
196 3565 313 3652 spernes
328 3585 438 3638 tanen
485 3570 606 3634 Indicus
619 3569 741 3654 lapillus

27 3648 28 3735 l
140 3659 224 3738 Saepe
238 3655 281 3719 est
296 3657 342 3720 vel
358 3660 452 3722 Pariis
464 3659 545 3741 prior
559 3658 719 3745 columnis.

27 3738 28 3750 ¹
140 3742 184 3806 Ne
197 3740 316 3827 spernas
333 3745 431 3808 Latiae
444 3747 525 3826 lyrae
529 3739 700 3810 moventem
800 3803 802 3813 .

27 3850 28 3873 ¹
141 3835 279 3894 Graecum
295 3832 419 3897 stamina
433 3830 564 3896 suaviora
575 3835 755 3898 Homerum.

64 3992 67 4000 Ι
139 3920 216 3982 Nam
231 3917 317 3982 Musa
332 3919 485 3983 illecebras
498 3919 588 3984 habet
601 3922 720 3997 Latina,

140 4009 216 4092 Quae
230 4005 307 4090 saepe
320 4010 432 4070 Aonios
447 4025 546 4075 tenent
561 4013 675 4092 po'e'tes
864 4045 866 4053 ·
1170 4079 1173 4088 ,

181 4118 407 4199 Epithalamium
423 4122 473 4202 Ju
489 4118 764 4197 Clementismedict',
789 4115 1030 4206 &iurgarent
1112 4169 1113 4172 κ

213 4227 281 4292 Usae
296 4235 452 4315 purpureis
474 4253 584 4297 novem
596 4233 737 4297 reriudtae

97 4391 102 4397 φ
235 4321 341 4401 Sertis,
361 4335 443 4390 nnnc
456 4320 600 4390 Helicone
613 4343 667 4388 cur
681 4317 788 4388 relicto
879 4347 881 4353 ’
1051 4410 1082 4475 Η

1084 4427 1123 4473 uc
1171 4457 1177 4468 .
