2942 4884
259 195 320 244 122

479 177 510 255 r.
549 146 803 275 nannum
839 175 1199 262 auraquaarr

418 304 473 369 Ille
487 307 609 388 quidem
625 322 744 370 tantum
759 303 864 380 voluit,
889 325 1040 389 parvoque
1050 304 1166 385 labore,

463 394 627 457 Monstrare
638 393 751 478 ingenii
765 394 863 457 lucida
875 393 956 476 figna
966 391 1021 458 sui.

423 486 475 547 Tu
492 481 604 544 vallum
616 477 743 566 pelagus'
754 481 907 564 penetrtilli
921 503 928 542 ι
952 481 1051 545 divide
1065 481 1179 562 laudes,

464 570 569 632 Gloria
584 569 623 632 fic
637 569 725 632 samae
740 567 847 634 crescet
861 571 984 654 utrique
998 567 1059 634 sua.

562 695 613 758 Ad
625 693 804 779 Defiderium
818 699 845 756 E
845 697 970 778 rasmum
981 693 1217 772 Roterodamum

421 796 482 920 Sl
504 799 547 858 vis
562 796 690 860 Castalio
707 799 802 861 choro
818 797 941 901 plaeere.

485 890 498 947 Ι
513 907 604 960 nunc,
628 884 641 947 l
655 907 719 948 mea
734 884 781 950 sed
798 888 897 970 gradu
910 901 1000 950 citato

363 963 367 970 ¹
408 973 527 1038 'Dulcis
542 975 628 1046 Pieri,
651 977 748 1058 gentis
762 973 799 1036 ad
815 976 940 1038 nitentes

420 1067 519 1142 Agros
529 1062 701 1137 Helveticae,
725 1083 867 1125 recurvus
880 1062 970 1125 undis

421 1147 492 1228 Qua
509 1151 631 1212 Rhenus
648 1149 772 1213 tumidis
785 1151 866 1212 volat
879 1171 931 1233 per
945 1167 1027 1216 arces

420 1238 555 1299 Defluxu
572 1237 718 1299 Basrlaeias
734 1259 864 1300 amoeno.

421 1324 486 1387 lllic
502 1327 632 1386 invenies
644 1323 784 1387 disertum
798 1322 965 1400 Erosium,

420 1411 537 1493 lnfipne
552 1412 664 1494 eloquii
677 1414 766 1476 decus
782 1414 894 1488 Latini,

421 1499 586 1562 Pulsanrem
602 1500 730 1582 querulo
744 1501 812 1582 lyrae
823 1519 946 1563 canoros

421 1592 536 1650 Nervos
552 1589 675 1670 pollice;
699 1585 927 1652 sublimentibus
941 1607 1011 1652 cum

421 1677 525 1749 Musis,
549 1691 614 1738 tum
630 1677 750 1739 Clario:
773 1676 899 1757 inclytos
911 1677 1044 1742 honores

421 1767 468 1826 Ne
483 1784 569 1825 mons
582 1765 741 1827 verticibus
756 1761 832 1826 sacer
850 1764 969 1828 du'obus

421 1852 540 1926 Perdat,
565 1873 601 1913 ne
617 1852 724 1914 titulos·
735 1849 801 1914 suos
817 1851 984 1934 Cytherou‚

420 1943 460 2000 Et
475 1940 544 2003 dent
561 1943 734 2002 Teutonico
747 1941 850 2012 locum
865 1944 970 2022 poetae.

423 2030 481 2088 Cui
496 2027 517 2089 fi
534 2030 608 2089 Pieri
625 2028 785 2110 plurimam
801 2024 925 2090 salutem

420 2114 530 2177 Nollro
544 2118 663 2178 nomine
679 2118 798 2191 dixerIs,
822 2113 920 2179 statim
936 2112 1016 2178 ulnis

422 2208 472 2267 Te
487 2204 707 2286 amplexabitur
721 2203 817 2266 obviis
831 2203 986 2286 benignus·

466 2314 516 2376 Ad
529 2315 642 2395 illusas,
665 2312 699 2376 de
713 2313 860 2378 Guilielmo
874 2313 987 2390 Blando,
1013 2318 1130 2396 Bartae
1146 2310 1302 2400 Morrtjvr'a

498 2411 574 2488 Usae,
599 2414 620 2475 sr
636 2416 770 2476 Domino
784 2415 900 2498 placere
918 2411 1019 2480 nostro

519 2504 557 2562 Et
569 2521 631 2562 rem
648 2516 691 2562 ter
706 2499 801 2570 facere
818 2503 869 2565 hic
884 2518 1054 2588 quaterque
1067 2515 1186 2592 gratam

421 2591 508 2650 Laeto
524 2589 643 2671 pestore
658 2585 887 2672 concupiscitis:
912 2611 991 2654 nunc

422 2677 561 2739 Tandem
577 2676 721 2740 ostendite
736 2698 788 2741 vos
804 2699 872 2746 meo
886 2675 1082 2762 obsequentes.

420 2765 549 2839 Blondo,
573 2767 626 2848 qui
642 2767 746 2848 patriae
761 2765 962 2834 eruditionem

419 2854 504 2914 Felix
516 2854 633 2915 allicuit
649 2855 817 2939 politiorem
833 2875 840 2915 :

420 2944 506 3002 Dum
522 2956 602 3002 totus
613 2939 717 3003 studiis
729 2941 845 3004 dicatus
861 2937 940 3024 ipse,v

419 3031 460 3088 Et
470 3029 586 3090 virtutis
601 3043 715 3090 amator
727 3030 893 3105 eminentis,

420 3118 565 3198 Exempli
581 3113 725 3200 specimen
742 3117 810 3180 tulit
833 3137 976 3200 perenne.⁴

421 3207 591 3268 Maecenatis
606 3220 670 3268 erat
690 3205 758 3267 loco
774 3207 903 3288 probati,

421 3287 516 3371 Cujus
531 3291 635 3355 sedulo
648 3293 776 3375 gloriam
792 3292 909 3358 secutus

421 3379 535 3442 Doslos
547 3383 723 3444 muneribus
739 3383 840 3444 beavit
855 3401 958 3454 omues

420 3468 551 3548 Amplis,
574 3485 666 3551 atque
683 3469 800 3532 Scholae
816 3469 987 3540 Lutetianae.

422 3557 529 3618 Cultor
540 3555 613 3618 eous
630 3557 724 3632 icuus,
748 3556 897 3639 frequens,
921 3553 1061 3636 disertusq

420 3645 569 3725 Imprimis
585 3578 638 3707 fisi
653 3645 838 3728 comparavit
848 3643 933 3708 illurn

307 3771 311 3775 ,
421 3735 602 3794 Torrentem
614 3732 737 3814 eloquii,
767 3730 897 3796 sodalem
911 3729 1094 3810 Erasmuma

400 3821 523 3882 ’'Crevit
535 3819 650 3882 frustus
662 3823 691 3882 8(
704 3818 775 3884 iude
786 3821 967 3899 luculentus,
1078 3827 1085 3836 ‘

395 3925 399 3932 ’
419 3907 648 3972 AcDesrderius
664 3911 748 3971 uaris
759 3907 904 3972 adaustus

420 3994 552 4072 (Blondo
567 3995 711 4059 munifico
721 3996 853 4078 saventa)
870 3999 972 4062 amicis
1013 4044 1016 4052 .

419 4081 564 4145 Diteseir:
588 4087 689 4147 niveus
706 4103 848 4166 patronus
865 4085 947 4149 unde

417 4171 653 4231 Comrnendatna
666 4175 711 4237 ,ad
730 4172 805 4235 astra
820 4171 893 4236 celsa
908 4171 1032 4250 scandit,

417 4259 458 4320 Et
473 4257 543 4320 [asli
558 4264 689 4342 pretium
705 4261 812 4347 accipit
828 4260 1009 4348 supremum,

1140 4339 1200 4369 '¹
1314 4351 1418 4436 Quod
