2942 4884
520 231 550 310 J.
583 227 831 316 annau-nr
864 228 1208 315 aurrounnrr

397 359 473 437 Illic,
498 361 591 426 tector
605 361 658 424 ubi
673 358 816 442 frequens
830 361 984 424 columnas

400 453 504 516 Tritas
519 462 655 532 occupat,
680 448 710 510 &
725 446 827 509 labore
841 448 934 532 longo
1041 521 1043 525 .

399 538 511 602 Palmae
521 537 609 599 dulce
623 534 714 598 decus
728 551 812 616 parat
825 532 968 619 superbae.

400 625 511 688 Unde'
505 641 584 687 mter
599 623 713 685 medios
729 619 848 704 sophos,
871 619 1016 706 sophistas

401 710 576 775 Monllraris
591 712 678 793 digiti
695 726 768 772 nota
784 709 917 795 benigni.

401 805 446 862 Ut
462 816 494 862 tu
507 797 653 883 gymnasii
669 796 841 861 celebritate

401 886 547 964 Gaudes3
569 885 609 950 lic
622 907 679 971 ego
693 886 867 949 amoenitate
882 888 970 950 ruris.

711 1006 825 1071 Ad
836 1009 980 1088 saranum.

384 1024 547 1231 'GRara
561 1105 645 1188 quies
663 1101 736 1166 seffis
757 1103 900 1166 membris
919 1103 1081 1169 dulciffimc
1096 1103 1206 1185 somne,

490 1192 647 1276 Languida
662 1191 846 1274 permulcens
860 1190 983 1267 lumina,
1006 1189 1107 1256 somne
1121 1197 1200 1259 veni.

401 1276 476 1345 Fuls
471 1284 527 1342 erit
542 1278 666 1364 ignifera
681 1298 775 1358 quum
790 1279 887 1342 clatus
902 1279 1040 1363 lampade
1053 1283 1200 1360 Phoebus,

446 1367 550 1432 Hinc
537 1391 554 1430 e
568 1368 726 1450 turgidulis
742 1364 841 1429 somne
855 1369 959 1429 recede
972 1370 1067 1451 genis
1149 1389 1154 1398 ·

728 1476 801 1535 Unio
816 1475 935 1555 Rosa&
952 1473 1025 1538 Lil'
991 1477 1033 1541 Ι.ιι

453 1564 543 1624 Rima
558 1561 628 1624 rolis
640 1559 720 1624 sedes
739 1561 822 1643 pisto
835 1563 982 1625 debetur
975 1585 1006 1627 an
1026 1565 1126 1641 horto,

475 1651 648 1712 Proximam
662 1648 718 1710 8ι
707 1671 723 1710 a
738 1650 831 1730 prima
846 1651 925 1714 Lilia
939 1671 1014 1713 cana
1028 1668 1176 1718 tenena·

401 1736 462 1802 lllae
479 1737 644 1800 Sidoniae
625 1752 784 1820 tinguntur
798 1740 911 1800 murice
924 1741 1032 1843 geutis,

446 1828 516 1888 Haec
531 1822 598 1886 lunt
614 1825 751 1886 Sithonia
764 1823 981 1887 candidiora
954 1847 1027 1891 nave.

401 1911 469 1975 Illas
483 1910 579 1976 noller
593 1927 681 1986 amat,
706 1927 848 1994 tanquam
862 1912 913 1974 sua
927 1911 1092 1994 stemmata,
1115 1914 1276 2006 Princeps.

447 2003 519 2062 Haec
534 2002 623 2062 etiam
638 1960 753 2061 sulrrmo
768 2000 875 2062 Gallus
886 2000 1000 2066 honore
1015 2005 1099 2069 colit.

403 2089 482 2150 Lilia
497 2088 653 2172 purpureis
668 2085 730 2148 dii
718 2103 850 2192 yungaut
861 2088 929 2151 alba
944 2088 1057 2168 rosetis,

397 2199 408 2220 ι
446 2179 556 2239 Vernet
571 2191 606 2238 ut
620 2177 650 2238 in
667 2175 750 2268 terris
760 2178 840 2258 pacis
854 2176 975 2240 alumna
988 2182 1085 2262 quies.

793 2287 820 2346 Ε
841 2288 950 2349 Graeco.

403 2381 630 2532 Candiduss
619 2357 681 2446 est
674 2404 778 2466 angens
793 2382 879 2465 plane
894 2382 1068 2449 Thesaurus
1081 2387 1209 2464 amicus,
1271 2359 1279 2370 .

486 2474 517 2532 Si
532 2490 600 2554 quas
614 2433 749 2534 seruandi
763 2473 843 2532 norit
856 2472 966 2536 habere
978 2476 1140 2571 modurn.=

421 2595 472 2660 Ad
483 2596 621 2658 Brienam
636 2593 771 2669 Tuccam,
787 2596 915 2658 Hearica
930 2585 1039 2662 Otiauo
1053 2599 1132 2684 Regi
1141 2620 1161 2660 a
1150 2594 1333 2678 thesauris.

361 2735 363 2740 ·
399 2690 556 2826 LUmen
570 2700 657 2762 Pierii
671 2701 782 2783 gregis,
805 2698 921 2777 Briene,

475 2793 576 2875 Qem
591 2789 638 2850 vel
654 2786 823 2871 tergeminis
836 2786 935 2852 virum
947 2805 1067 2854 caterva

399 2876 570 2939 Dostorum
587 2877 682 2937 titulis
696 2875 734 2936 ad
746 2875 822 2936 astra
836 2874 933 2939 tollite

377 2995 380 3002 ·
400 2967 431 3024 Si
450 2982 478 3026 te
494 2984 554 3026 non
566 2977 684 3025 teneant
700 2963 744 3024 tui
761 2964 883 3043 meique

399 3051 514 3113 Caulsae
526 3052 668 3130 Principis
684 3047 787 3130 inclyti
797 3048 912 3125 severae,

397 3141 537 3220 ignotam
552 3139 651 3220 accipe
664 3134 813 3199 schedulae
828 3099 1016 3214 Cambenam,

349 3265 353 3269 -
397 3231 477 3310 Qae
493 3247 560 3308 pro·
563 3242 698 3307 tempore
713 3223 842 3308 gratiam
857 3224 991 3288 laborat

343 3333 346 3342 ·
397 3315 452 3378 His
468 3313 568 3396 paucis
583 3311 714 3376 numeris
733 3313 813 3393 apud
835 3326 865 3374 te
876 3315 963 3378 iuite.

396 3405 440 3464 Ut
455 3402 493 3464 stc
507 3399 582 3464 freta
598 3414 649 3462 tua
663 3401 857 3482 benignitate,

334 3553 336 3557 .
393 3489 510 3565 Plures,
531 3509 565 3552 ac
577 3490 664 3551 etiam
679 3485 875 3570 elegantiores

396 3580 525 3652 Promat‚
548 3579 634 3659 queis
649 3576 795 3638 celebrem
811 3590 894 3638 tuam
915 3574 1065 3638 Britannis

395 3667 544 3728 Virtutem
560 3663 648 3726 iaciat
662 3663 865 3726 celebriorem.

385 3779 419 3841 In
431 3775 549 3862 effigiem
562 3778 657 3858 Nypm
638 3773 709 3855 phe,
726 3786 880 3837 terrarum
894 3775 988 3836 orbem
999 3773 1092 3835 altero
1106 3772 1250 3838 calcantis
1265 3772 1349 3857 pede.

375 3877 583 4030 'CAllulios
598 3881 718 3942 decorat
734 3878 853 3959 Smythi
866 3877 995 3942 formosa
1010 3882 1133 3942 Penates

476 3971 554 4049 m
559 3968 627 4051 pha
651 3968 785 4030 coronati
800 3968 945 4029 Zeuxidis
961 3981 1025 4028 arte
1039 3967 1146 4030 nitens.

393 4059 457 4119 Stat
473 3991 555 4118 roleo
570 4055 665 4128 uultu,
690 4053 797 4136 crispat
807 4075 932 4139 quoque
947 4058 1057 4118 vertice
1072 4055 1200 4136 plumas,

435 4145 576 4224 Snydone
590 4141 619 4204 se
633 4145 774 4214 mediam,
797 4158 894 4205 cetera
909 4143 1000 4245 nuda,
1024 4147 1108 4225 tegit.

390 4231 494 4294 Calcat
508 4251 597 4292 ovans
611 4229 693 4292 orbis
705 4229 833 4308 subjesla
848 4230 1005 4291 cacumina
1020 4229 1102 4304 calli,

432 4319 552 4382 Femina
568 4317 650 4403 quod
662 4320 787 4400 juvenes
802 4317 944 4402 presserit,
967 4334 1058 4401 atque
1073 4316 1189 4383 senessi

1226 4480 1229 4489 ¹
1314 4403 1398 4481 :Aa

1403 1850 1413 1903 l
