2942 4884
274 167 278 174 ,

249 204 276 215 ¹1

139 217 262 291 ’Ν

416 215 419 222 ·
444 214 477 302 n
520 175 788 282 nunaunt
831 211 1197 304 nuntountttr

353 353 439 422 lilius
452 356 597 440 quoniam
613 351 739 420 disertus
749 348 900 439 aptusque

354 450 516 528 Interpres,
539 445 581 507 ita
595 443 743 527 Scipionis
758 441 812 506 alti

357 537 504 596 Somnum
518 528 650 608 discutis,
673 545 710 594 ut
723 531 771 595 vel
786 530 933 614 elegantis

357 620 582 683 Commentatia
596 617 735 683 Macrobi
748 619 853 682 labore

359 711 505 792 Pergrato
518 704 646 790 superes,
671 721 776 790 potens
789 707 836 770 vel
849 721 960 789 aequm.

358 798 462 878 Atque
476 795 568 876 hujus
583 793 688 858 recolis
707 791 878 880 frequenter
892 805 976 856 artes

358 883 501 959 Dicendi,
523 882 636 965 probus
650 879 759 948 artifex
772 883 802 945 ἃ
818 877 896 968 ipse.

361 969 562 1034 Tantundem
577 970 682 1034 tribuit
702 969 758 1033 tibi
776 966 892 1033 severus

360 1056 494 1142 Hispano
509 1061 618 1121 Seneca
639 1057 827 1122 eruditionis.

357 1145 600 1212 Aimumiumen
613 1147 644 1207 u
653 1145 774 1208 interim
790 1143 909 1210 libellos

343 1233 471 1298 -Illustri
485 1236 599 1297 calamo
613 1249 668 1296 tuo
682 1248 805 1296 notatos

357 1321 470 1386 Felices
483 1337 602 1405 reputat
617 1317 707 1384 suos:
731 1337 864 1404 oratque

359 1409 545 1494 Augustinus
561 1405 646 1483 Aser,
667 1404 829 1472 sacratioris

359 1500 519 1579 Scripturae
533 1498 599 1580 pius
614 1494 803 1580 optimusque
814 1512 894 1562 certe

357 1580 487 1660 Dostor,
510 1583 623 1669 gaudet
633 1583 784 1648 alacritate
798 1600 901 1648 motus

357 1677 428 1758 Qu
444 1689 477 1735 tu
492 1669 618 1736 restituis
629 1676 698 1734 Deo
712 1669 863 1755 supremo,

357 1761 586 1823 Oblutrantibus
598 1761 708 1843 impiis,
731 1779 877 1827 coronam
994 1769 999 1776 “

359 1848 486 1926 Festum,
508 1868 631 1916 munera
644 1845 760 1910 summa
772 1847 912 1911 Civitatis

361 1934 506 2011 Coelestis,
529 1933 638 1998 scholia
652 1934 816 2019 aspicitque
831 1936 929 2010 laetus,

358 2025 455 2110 Qteis
469 2024 555 2087 illum
568 2025 660 2087 niveis
677 2025 775 2086 modis
790 2021 895 2088 beasti.

360 2115 454 2195 Perge
469 2111 524 2174 hac
537 2131 711 2194 comprecor
724 2114 790 2174 ire:
812 2111 852 2176 stc
866 2110 1008 2174 micantes

361 2199 547 2281 Conscendes
561 2201 652 2270 nitidi
672 2201 710 2264 ad
725 2201 832 2264 choros
848 2197 982 2288 Olympi.
1016 2241 1019 2248 -

440 2309 486 2370 ‚In
501 2308 596 2370 Floret
611 2306 752 2382 Terentii,
774 2305 874 2374 ridde·
890 2302 1020 2370 Odettalsu
1034 2302 1205 2388 illustratet.

368 2413 558 2531 CAndidus
569 2412 712 2476 eximiam
725 2409 886 2475 monstrate
902 2411 1064 2476 Terentius
1074 2425 1171 2476 artem

442 2501 667 2581 Eloquiiuovit‚
691 2503 793 2564 Romu
804 2494 921 2574 diserta,
945 2499 1019 2563 tui,

364 2587 449 2651 Illius
461 2608 501 2649 ex
512 2589 602 2649 horto
612 2585 698 2650 flores
711 2585 815 2670 selegit
829 2605 962 2652 atuoeuos

406 2676 543 2750 Odallus,
567 2673 683 2757 cupidae
693 2671 814 2740 sedulus
825 2672 913 2744 inllar
923 2675 997 2756 apis.

254 2815 262 2829 .
364 2767 496 2849 Qoque
511 2763 596 2826 labor
609 2764 709 2846 pueris
722 2761 859 2826 sludiosrs
873 2765 987 2848 gratior
1003 2759 1086 2839 effet,

407 2849 572 2914 Transtulit
584 2851 615 2912 in
632 2851 753 2932 patrios,
774 2851 866 2913 verba
881 2849 1001 2926 Latina,
1023 2849 1122 2914 sonos·

363 2935 485 3022 Insuper
499 2941 529 3000 Sc
541 2935 686 3013 scholion,
709 2935 846 3001 sacundae
861 2957 984 3000 munera
1003 2938 1128 3022 linguae,

409 3025 546 3102 Addidit,
568 3040 677 3088 aeterua
690 3027 790 3090 vivere
801 3026 892 3111 digna
906 3025 1009 3088 cedro.

233 3192 238 3203 Ι
363 3117 428 3178 Vos
439 3116 530 3198 igitur
542 3114 668 3196 juvenes
682 3112 826 3178 Odallum
837 3129 941 3178 ornate
956 3109 1104 3189 Britanni,

409 3205 457 3265 Sic
468 3200 543 3264 iluat
556 3199 574 3264 ὲ
587 3199 684 3264 vestro
693 3203 830 3266 comicus
844 3222 896 3266 ote
911 3203 1005 3285 lepos.

625 3306 676 3372 Ad
687 3307 891 3374 Eadueardum
905 3307 1039 3378 i'ortr'um.¹

365 3421 514 3538 FLores
528 3414 624 3500 gratia
634 3417 736 3499 patriae
749 3416 897 3490 Britanna
990 3424 999 3442 '

433 3504 521 3579 Foxi,
544 3505 621 3565 inter
633 3502 766 3566 celebres
781 3520 884 3573 tenens
896 3499 998 3572 Latini

366 3590 518 3657 Sermonis
531 3592 640 3654 merito
652 3590 756 3654 locum
775 3605 927 3674 patronos.

367 3683 419 3743 Te
432 3679 478 3743 bis
493 3694 598 3762 terque
617 3693 688 3741 tuns
701 3693 789 3762 rogat
803 3679 935 3764 benigne

368 3767 534 3843 Lelandus,
556 3767 653 3850 cupias
668 3782 703 3828 ut
717 3766 782 3830 haec
799 3765 887 3830 amici

316 3892 317 3896 =
367 3856 456 3917 Laeta
469 3874 592 3918 mnneru
607 3851 717 3929 fronte,
741 3855 934 3937 quaeuotavit
1019 3931 1022 3940 Δ

368 3943 510 4006 Currenti
525 3943 631 4005 teneris
642 3961 732 4004 manu
749 3944 887 4025 papyris:

365 4030 510 4093 Nondum
521 4029 617 4092 cincta
630 4028 753 4112 quidem
769 4033 912 4094 Camoeua
926 4028 1054 4115 pulchre

366 4118 526 4200 Fulgentes
537 4116 646 4180 hedera
659 4137 759 4188 comas
771 4117 888 4182 nitenti.

365 4206 459 4289 Qud
475 4220 504 4267 te
515 4225 576 4266 non
593 4204 713 4267 dubitat
729 4205 891 4270 lubentiori

366 4292 528 4370 festarum
545 4292 652 4372 studio,
679 4293 739 4375 (nel
761 4291 819 4358 hoc
840 4293 969 4380 probatu

493 4400 511 4446 2

1221 4384 1355 4469 inquam
