2942 4884
165 233 229 311 2⁶4
515 223 647 321 vrri
690 219 841 300 euru.
887 221 1149 294 cureret

172 395 174 399 ·
211 359 307 447 1638.
422 355 557 421 Subinde
571 353 740 419 climactera
755 373 834 416 nove
849 352 917 416 vitae
932 374 1005 416 meae

377 444 499 510 Famula
515 463 612 506 morte
627 445 773 517 Heroum,
797 457 831 502 ut
846 439 963 504 heroica
978 443 1068 521 cluet,

377 536 500 616 Incipit,
523 535 552 594 &
569 532 683 593 excutit
698 531 839 612 reliquias
854 529 991 595 dentium

378 627 459 686 Ante
474 623 618 703 putrium,
642 633 807 698 monetque
821 620 926 682 mortis
940 619 995 684 srm
1011 638 1137 686 mernor.

381 709 467 777 Illius
481 709 551 770 anni
565 705 619 770 sub
634 706 694 768 fine
709 722 806 768 tamen
821 706 915 792 eligor

379 796 545 882 Episcopus
559 796 697 877 Corcagii
713 797 743 856 dc
762 793 982 872 Rois-cervicae,

380 889 421 950 Et
435 885 586 948 consecror
601 882 781 946 Novembris
797 883 958 946 undecimo
973 883 1032 949 die.

379 978 446 1038 Hoc
461 971 687 1046 Caururrienlis,
711 969 770 1035 hoc
783 971 1025 1049 Wentworthius

377 1062 602 1132 Herosvoluit3
626 1061 685 1122 hoc
709 1060 795 1138 (tunc
809 1063 904 1141 meus)
928 1060 1113 1126 Radeliffius.

379 1154 555 1233 Utrumque
569 1147 675 1210 frustra
691 1145 766 1228 saepe
781 1143 916 1230 saepeque
930 1147 1082 1230 deprecor.

381 1242 461 1302 Hinc
475 1241 581 1319 utique
595 1236 752 1298 decollavit
767 1236 862 1300 omnis
878 1233 942 1320 lpes
956 1257 1024 1302 mea

382 1327 565 1388 Destderatae
579 1323 746 1386 solitudinis
763 1324 827 1388 diu.
969 1364 974 1375 ι
1021 1315 1030 1358 ‘

381 1419 491 1497 Neque
505 1414 544 1476 lrc
560 1428 661 1476 tamen‘
672 1410 753 1476 abire
767 1413 862 1478 licuit.
906 1413 991 1502 Quin
1004 1418 1072 1478 Rex
1089 1412 1179 1496 jubet

381 1502 518 1586 Collegio
533 1516 567 1562 ut
581 1499 706 1583 praesrm.
751 1497 919 1584 Obsequor.
964 1506 1005 1566 Et
1027 1503 1078 1566 hic
1093 1504 1193 1568 ltaereo

382 1588 551 1653 Distradlus
569 1589 646 1652 inter
659 1590 724 1651 loca
743 1606 857 1652 remota
875 1591 905 1650 &
925 1590 1032 1654 litibus

382 1677 515 1751 Referta,
539 1697 624 1760 quas,
646 1695 756 1758 corpus
772 1691 807 1740 ut
820 1678 934 1754 itinera,
957 1678 1023 1742 odit
1036 1679 1146 1744 anima.

427 1765 562 1828 Sollicito
575 1763 814 1828 Cantuarieuletn
830 1765 930 1841 literis,

384 1853 443 1916 Sed
456 1851 575 1928 frullra,
598 1868 633 1916 ut
648 1853 695 1916 his
713 1853 821 1936 eripiar
835 1873 874 1918 ex
887 1851 1038 1938 angustiis,

382 1945 549 2028 Qumque
564 1941 637 2003 mihi
654 1941 717 2021 jam
732 1941 814 2004 haud
830 1961 937 2005 exuere
951 1942 1039 2006 liceat
1053 1939 1246 2028 Episcopum,

382 2033 457 2093 Peto
468 2026 680 2112 Episcopatum
695 2032 858 2092 tenuiorem
877 2036 910 2092 iu
924 2032 1046 2114 Anglia,

384 2118 482 2180 Chara
494 2119 614 2201 Auglla,
638 2119 688 2180 cui
703 2114 757 2180 sub
777 2119 846 2180 Deo
862 2139 913 2191 me
927 2118 1034 2182 debeo.

381 2206 467 2290 Quid
486 2205 591 2268 referet
607 2207 698 2268 animi
713 2205 832 2286 pendeo
848 2205 953 2290 plenus
968 2222 1064 2270 metu.
1142 2269 1146 2276 ,

425 2296 587 2356 Heroicurn
606 2290 781 2356 transcendo
797 2293 967 2358 elimadlera
983 2296 1080 2377 inops,

381 2381 600 2456 Pusillanimus,
624 2382 777 2444 heroicum
793 2381 891 2446 fatum
906 2381 989 2446 haud
1006 2383 1133 2458 timente

382 2473 502 2550 Corpus
517 2469 586 2532 licet
608 2466 707 2532 ndrim
722 2467 778 2532 elle
800 2468 1020 2544 debiliffitnum,

381 2559 560 2639 Mirumque
577 2557 660 2639 quod
674 2557 827 2620 duraverit
841 2559 879 2620 ad
895 2555 987 2640 usque
1002 2559 1082 2622 huuc
1097 2555 1201 2623 diem«.

426 2645 553 2731 Qoties
575 2645 716 2708 remetior
735 2647 837 2709 auimo
853 2645 912 2710 hoc
926 2641 1121 2730 rependium,

383 2734 534 2815 corripior
551 2734 788 2798 admiratione&
803 2734 936 2798 cantito:

384 2829 407 2857 “
430 2820 580 2883 Mirabilia
595 2819 660 2884 suut
675 2842 765 2904 opera
782 2827 864 2898 Tua,
889 2822 1020 2887 Domine
1036 2825 1143 2886 Deus!

383 2916 407 2946 “
430 2909 608 2971 Panduutur
622 2912 727 2992 utique
742 2911 773 2971 iri
788 2931 835 2975 me
848 2910 1011 2974 inferorum
1030 2911 1142 2989 jauuae,

385 3003 407 3032 ‘⁴
431 3000 543 3078 Operta
558 2993 661 3071 fervet,
685 3012 786 3078 aperta
800 2997 874 3062 furit
889 2997 1044 3062 hostilitas·

386 3090 408 3119 ‘⁸
430 3085 569 3146 Amicitia
583 3103 651 3145 vera
665 3088 771 3166 nequit
788 3087 960 3160 obtinerier,

386 3178 409 3208 “
432 3175 496 3233 Aut
510 3168 581 3234 falsa
601 3193 671 3236 cum
690 3174 864 3255 potentibus
882 3175 1030 3238 vitarier.’'

384 3262 520 3321 Revolvo
534 3260 683 3322 decimum
700 3263 820 3324 tertium
837 3263 984 3336 Siracidae,

384 3349 463 3410 Hinc
482 3367 586 3430 magna
602 3350 720 3410 nomina
738 3348 835 3433 fugio.
883 3353 997 3422 Verum
1013 3369 1133 3433 urgeor,

384 3437 424 3498 Et
438 3433 549 3510 vincor,
574 3436 637 3498 haee
658 3436 737 3498 dista
753 3439 785 3509 rie
796 3435 840 3501 ἐπὶ
854 3436 885 3502 τὸ
900 3439 969 3504 πολὺ
987 3441 1121 3520 cogitans
1216 3487 1223 3506 .

387 3528 516 3597 Tenere,
542 3545 649 3608 meque
664 3526 819 3607 repperille
833 3546 922 3606 quem
937 3529 1080 3590 eximam.

382 3613 481 3676 Fallor
495 3611 589 3687 miser,
614 3598 740 3698 plusque
760 3613 853 3674 valuit
874 3612 1005 3676 adulatio

382 3701 490 3772 Unius,
514 3698 659 3783 obsequio
673 3723 741 3764 meo
754 3699 900 3777 iidillirno,

382 3789 511 3870 Parique
528 3791 657 3853 Tutoris
676 3791 815 3852 merentis
830 3791 955 3872 optime,

381 3878 545 3959 Habitique
556 3875 681 3960 pellime.
713 3877 793 3940 Illud
806 3879 906 3940 Po'e'tae
915 3876 1045 3962 suggerit
1054 3897 1153 3944 mens:
1179 3882 1201 3914 “
1216 3881 1283 3943 Heu
1292 3876 1370 3965 fuge

375 3970 404 4009 ·⁴‘
429 3963 596 4048 Terrasque
610 3965 755 4042 crudeleS,
779 3986 925 4050 avareque
939 3966 1028 4028 litora
1040 3970 1070 4028 !”

381 4052 423 4112 At
438 4055 517 4114 euim
534 4053 640 4136 lupum
656 4055 777 4117 auribus
795 4075 890 4117 reneo.
936 4054 1000 4118 Nisr
1014 4054 1053 4118 ad
1069 4056 1171 4120 Deum

379 4138 501 4225 Ubique
515 4138 685 4223 praesentem
699 4139 771 4226 fuga
786 4141 827 4204 est
842 4141 1015 4224 frustranea.

378 4229 440 4289 Soli
458 4230 528 4290 huic
550 4232 652 4310 itaque
667 4233 823 4293 committo
839 4234 940 4308 viram,
965 4253 1039 4305 rem,
1062 4231 1164 4309 decus,

380 4319 469 4380 Hune
486 4317 632 4398 judicem,
655 4319 737 4382 huuc
752 4321 870 4401 appello
884 4321 981 4384 litium
999 4322 1144 4408 arbitrum

373 4399 378 4411 ’
549 4476 550 4479 Ἴ
599 4423 618 4471 2
1043 4435 1047 4440 ·
1208 4405 1365 4494 Callaeque
