2942 4884
174 957 176 964 .
200 913 246 972 tot
265 921 323 972 ιι.

526 237 557 326 J.
590 239 837 308 nunaunt
871 209 1236 330 nun1ouanrr',

495 413 669 428 ---·--
693 379 749 440 His
765 381 878 440 Brutus
893 380 977 440 auito

406 537 410 544 ,
496 459 644 550 Sotrguine
659 465 812 549 Troianus,
838 468 932 528 latiis
945 461 1068 549 egreffus
1082 464 1119 526 ab
1138 463 1210 539 oris,

496 556 561 632 Post
577 557 675 616 varios
691 555 770 634 enfin
786 553 906 637 consedit
917 549 1043 636 finibus,
1066 553 1161 614 orbem

495 642 625 710 Fatalem
640 649 752 715 iratius,
776 641 982 722 debellatorque
992 643 1165 725 gigantum,

495 733 536 790 Et
551 743 639 792 terre
655 734 750 792 vietor
764 751 861 790 stanton
877 727 1140 790 dedit.----

364 815 570 880 Architrenius
585 819 662 878 libro
677 815 760 878 sexto
775 817 811 878 de
832 815 999 899 gigantibus
1014 813 1179 877 Albionicis
1194 809 1260 875 haec
1273 807 1391 876 refert:

496 907 556 967 Hos
571 904 690 966 avidum
706 903 770 966 belli
789 903 922 967 Corineus
938 905 1025 968 robur
1037 906 1157 965 Averno

497 993 665 1073 Pracipites
681 991 781 1075 mfit:
805 994 908 1071 cubitis
925 1005 973 1054 ter
987 1004 1128 1076 quattuor
1142 987 1237 1052 altum

495 1085 660 1165 Gogmogog
678 1081 821 1142 Herculea
834 1153 837 1159 Ι
839 1079 984 1161 suspendit
998 1081 1028 1141 in
1043 1085 1111 1141 oe're
1125 1076 1212 1146 ludia,

499 1167 703 1252 dothiumque
714 1171 804 1249 suom
816 1170 930 1248 scopulo
944 1165 1066 1248 derraſse
1081 1169 1111 1230 in
1126 1186 1230 1251 equor.

362 1255 427 1321 Nec
442 1275 489 1316 me
504 1255 592 1339 sugit,
616 1255 771 1318 castellum
785 1256 854 1317 olim
870 1253 964 1330 inille,
988 1255 1109 1318 nomine
1124 1251 1333 1323 Gallonium,
1359 1249 1403 1313 in‘

363 1343 473 1417 littore,
498 1343 612 1426 dequo
629 1341 717 1426 supra
736 1343 959 1417 Meildunensrs,
983 1344 1069 1424 cujus
1083 1341 1129 1404 vel
1144 1340 1181 1402 ad
1196 1337 1393 1420 hucrestigia

363 1448 544 1514 comparent.
582 1431 639 1493 Sed
652 1429 726 1494 illud
740 1429 865 1492 nonfuit
879 1428 957 1493 sedes
971 1430 1111 1514 gigantis,
1135 1443 1170 1490 ut
1182 1446 1280 1510 neque
1288 1422 1392 1488 forsan

362 1517 686 1593 GallouiniArturiani,
711 1516 760 1582 sed
775 1519 945 1581 recentioris
960 1517 1082 1598 alicujus
1092 1513 1241 1598 lubieguli
1257 1510 1390 1593 ejusdem

361 1608 501 1671 nominis.
545 1608 638 1756 {11de
651 1622 750 1668 autem
765 1603 854 1670 refert
863 1608 900 1669 de
912 1604 1069 1689 sepulchro
1079 1605 1195 1667 Artorii
1207 1623 1242 1665 eo
1257 1617 1392 1683 tempore

361 1693 540 1758 verissimum
607 1743 615 1759 .
659 1699 758 1758 Nemo
772 1694 863 1757 bomo
878 1714 1011 1779 unquam
1025 1691 1167 1757 curiosrus
1189 1691 1242 1752 illo
1255 1689 1391 1752 excolle-

362 1797 411 1845 rat
433 1801 534 1844 omnes
558 1781 748 1845 bibliothecae
763 1779 1019 1865 Glelloburgensrs
1035 1781 1193 1844 thesauros.
1239 1781 1305 1840 Hoc
1320 1792 1391 1840 tan·

360 1883 427 1930 tum
443 1870 494 1932 hle
509 1867 605 1932 deluit
625 1871 652 1932 ei
676 1871 714 1932 ad
728 1871 939 1954 cognitionem,
962 1869 1046 1952 quod
1062 1868 1179 1931 Arturii
1194 1864 1391 1949 sepulchrum

359 1957 547 2044 ignoraverit,
585 1957 712 2022 moriens
740 1958 817 2021 circa
846 1957 958 2042 primos
985 1977 1078 2020 annos
1107 1955 1227 2018 Henrici
1254 1950 1390 2027 secundi,

359 2046 439 2127 regis
453 2046 702 2130 Angliae,equum
718 2043 904 2128 sepulchrum
929 2042 1028 2130 postea
1050 2044 1206 2108 inventum
1221 2041 1258 2104 fit
1277 2043 1390 2123 princi·

361 2134 414 2217 pio
429 2135 544 2216 imperii
559 2134 700 2197 Richardi
715 2136 832 2197 Leonii.
877 2133 962 2220 Qin
986 2133 1016 2195 in
1038 2131 1176 2216 gratiam,
1201 2129 1239 2192 de
1252 2149 1313 2213 qua
1332 2149 1391 2192 nec

363 2219 463 2284 adhuc
488 2237 588 2304 aperte
603 2221 711 2296 excidi,
736 2221 827 2285 redeo
852 2241 924 2284 eum
937 2219 1090 2283 Gulielmo
1104 2215 1312 2293 Meildnnenli,
1328 2238 1394 2298 ⁴per

264 2335 265 2340 ¹
364 2325 467 2390 quem,
491 2312 587 2372 virum
603 2307 655 2371 luo
670 2305 768 2372 seculo
784 2311 814 2372 iu
830 2310 912 2371 omni
935 2327 1044 2392 genere
1067 2306 1213 2370 bonarum
1233 2307 1391 2369 literarum

199 3831 251 3926 p,

197 4073 203 4126 l

364 2397 452 2479 plane
471 2396 707 2465 eruditiffimum,
731 2399 760 2459 a
776 2398 805 2460 in
823 2397 955 2459 eruenda
969 2396 1148 2478 antiquitate
1162 2393 1296 2478 iugenio,
1318 2393 1393 2456 dili·

361 2483 476 2567 gentio,
500 2503 570 2548 cura
584 2483 775 2568 singularem,
797 2479 902 2560 fateor,
925 2485 955 2546 &
979 2485 1102 2568 quidem
1125 2484 1263 2567 ingenue,
1287 2501 1335 2544 me
1357 2481 1392 2546 iu

363 2572 535 2656 cognitione
559 2571 746 2655 antiquitatis
760 2570 935 2656 frequenter
949 2572 1089 2652 adjutum
1102 2568 1197 2634 fuilie.
1242 2568 1394 2641 Candoris

364 2658 451 2742 plane
465 2655 507 2721 est
521 2655 677 2744 agnoscere
692 2681 850 2744 perquem
866 2657 1034 2742 profeceris.
1079 2660 1182 2723 Lubet
1207 2656 1258 2720 hic
1279 2657 1318 2719 ad
1336 2677 1392 2720 co·

363 2746 501 2810 sonidem
514 2747 622 2814 addere
634 2749 829 2824 notat10nent,
852 2769 942 2830 quam
955 2745 1014 2832 ipse
1036 2767 1076 2810 ea
1096 2748 1199 2834 lingua
1218 2745 1393 2809 Britannica

362 2835 634 2918 eollig0,·nominis
649 2836 812 2900 Gallouini.
858 2835 956 2898 Walle
977 2835 1103 2898 Gallum
1119 2833 1280 2926 'fignificat
1301 2830 1392 2898 Guin

364 2921 478 2996 album,
503 2923 623 3006 perinde
638 2943 671 2985 ac
697 2923 718 2985 sr
740 2926 807 3006 quis
834 2925 893 2987 hoc
906 2921 1054 2986 vocabulo
1067 2924 1166 2985 virum
1181 2921 1304 2998 bellum,
1327 2922 1392 2984 ele·

364 3025 494 3093 gantem,
518 3013 548 3073 a
572 3010 669 3074 forma
690 3010 885 3094 conspicuum
900 3009 1077 3094 delignaret,
1104 3010 1161 3073 nist
1183 3008 1254 3092 quis
1279 3008 1398 3073 redlius

366 3111 449 3180 putet
464 3097 633 3162 asaronica
643 3093 778 3162 barbarie
787 3102 932 3183 originem
942 3097 1103 3181 sumpsrlle.
1133 3095 1390 3160 WaulwineGal·

363 3185 411 3248 lus
426 3187 548 3260 amicus,
572 3203 605 3248 ut
615 3185 771 3250 Leofwine
784 3191 891 3251 charus
904 3188 1028 3250 amicus.
1066 3186 1392 3249 Aldwinetetusami·

362 3293 429 3336 cus.
474 3271 564 3337 lnllat
578 3273 769 3360 Augusellus,
793 3276 909 3357 dequo
929 3295 1022 3358 pauca
1037 3271 1179 3358 superius,
1202 3275 1305 3355 quiin
1326 3288 1391 3337 tam

365 3361 500 3446 flagranti
515 3362 594 3444 apud
605 3365 762 3426 Asturium
777 3365 872 3447 gratia
884 3360 951 3436 fuit,
975 3377 1009 3425 ut
1023 3364 1129 3427 merito
1141 3360 1251 3436 Scottis
1266 3361 1394 3444 regulos

364 3449 568 3514 beneficiarius
585 3449 745 3533 praefestus
760 3451 805 3514 srt.
852 3451 969 3514 Retulit
993 3449 1043 3513 ille
1066 3471 1119 3534 par
1145 3450 1218 3533 pari.
1263 3451 1392 3512 Accitus

365 3539 442 3601 inter
457 3539 529 3600 alios
545 3537 656 3600 multos
672 3540 828 3624 principes,
853 3553 888 3602 ut
903 3535 932 3602 se
946 3530 1070 3601 Artorio
1083 3538 1222 3600 comitem
1247 3538 1277 3598 in
1297 3557 1393 3620 expe·

365 3625 479 3688 ditione
489 3625 602 3690 Gallica
615 3625 777 3710 praestaret,
800 3627 874 3690 adeo
889 3625 1118 3708 injunstanrfibi
1130 3625 1310 3709 prouinciam
1326 3645 1391 3688 non

366 3710 521 3786 recusavit,
542 3728 589 3789 ut,
613 3735 723 3798 magno
736 3714 855 3778 virtutis
869 3714 1009 3797 exemplo
1023 3715 1065 3778 ibi
1077 3712 1170 3789 edito,
1186 3715 1282 3793 majus
1292 3713 1395 3776 multo

366 3802 398 3862 in
414 3803 573 3884 Rutupino
596 3801 696 3865 littore
713 3802 843 3872 ,domum
869 3803 993 3877 rediens,
1027 3801 1110 3873 bello
1125 3800 1208 3864 civili
1222 3801 1393 3863 Mordredo

361 3889 448 3950 viiio
463 3885 620 3974 &fugato
643 3885 703 3972 ipse
717 3892 886 3953 interamna
904 3889 1022 3966 cadens,
1044 3887 1182 3976 sanguine
1205 3890 1236 3950 &
1249 3891 1309 3951 vita
1333 3907 1393 3950 ex·

364 3975 488 4052 biberet,
517 3991 551 4038 ut
575 3975 652 4039 tellis
675 3977 786 4041 minine
809 3977 906 4040 malus
928 3977 970 4042 eil
994 3977 1101 4054 audior
1123 3975 1391 4041 Sciit-chronico·

366 4061 449 4137 turn,
473 4065 517 4126 uti
533 4083 590 4152 ego
610 4065 748 4141 arbitror,
771 4069 892 4130 Graios.
938 4067 978 4129 Et
991 4064 1133 4150 quonlam
1155 4063 1193 4141 de
1217 4064 1394 4128 edocatione

368 4153 547 4234 principum,
570 4155 696 4215 Artorio
709 4152 905 4228 audientium,
917 4150 1064 4237 ‘superius'
1076 4151 1316 4227 rerbafecimus,
1336 4153 1394 4232 ju·

366 4254 416 4301 vat
431 4239 481 4301 hle
496 4237 668 4323 fignificare,
692 4243 801 4304 multas
826 4243 857 4304 a
879 4239 1009 4306 celebres
1023 4240 1063 4306 ab
1088 4261 1125 4306 eo
1138 4234 1229 4305 l'drlle'
1244 4238 1392 4303 indidim-

365 4329 409 4395 At
434 4324 483 4391 illa
496 4329 632 4425 omnium
646 4328 847 4410 celeberrima,
855 4349 939 4432 ,qua
964 4330 995 4395 in
1010 4326 1081 4412 Isca,
1103 4330 1174 4397 alias
1188 4328 1264 4402 urbe
1277 4327 1394 4411 Legio·

1304 4433 1400 4494 uum,
