2942 4884
262 217 648 284 ENCOMIUM
700 219 915 283 PActs.

24 373 25 427 ,
84 356 133 438 165
154 347 239 414 Unde
249 351 345 414 alacer
361 351 488 434 populus
503 347 636 414 studium
651 349 816 414 desumeret
827 352 986 438 amplum?

153 440 208 502 Sed
223 460 278 502 nec
286 439 448 520 Apollolici
465 441 626 522 quicquam
643 437 769 502 docuere
784 439 908 502 ministri

85 597 89 608 Ι
154 527 244 612 QOd
263 528 379 588 niveam
394 529 503 588 Pacem
517 526 702 600 convelleret,
726 526 984 610 atquequietem3

152 613 275 677 Resiius
290 613 435 678 instabant
448 629 482 675 ut
495 614 552 677 late
565 610 704 679 cresceret
717 615 777 684 illa,

150 701 271 774 Paulus,
284 699 393 783 'praeco
408 703 476 775 Dei,
499 700 540 763 fic
554 701 638 764 Pacis
651 703 775 764 numina
787 701 898 778 laudat,

83 809 131 870 170
150 789 296 863 Predicat,
319 789 435 852 extollit
449 788 569 871 reliquis
581 789 729 851 cordatior
741 810 829 864 unus,

153 876 286 939 Collocet
301 893 337 938 ut
350 897 453 939 rarum
464 873 601 958 supremo
613 896 723 938 munus
735 877 877 957 Olympo.

197 963 360 1047 Splendida
372 980 406 1026 ut
417 962 469 1026 hic
484 965 602 1025 mittam
613 959 765 1046 scripturae
778 964 890 1026 lumina
903 960 997 1040 sactae,

151 1053 221 1114 Non
237 1046 344 1114 desunt
358 1067 490 1113 veterum
505 1065 695 1112 monumenta
710 1048 832 1113 illustria
846 1049 941 1113 mulla

154 1143 340 1214 Graecorum,
363 1139 511 1200 celebrant
525 1137 645 1221 quae-stc
661 1140 708 1218 pia
724 1157 846 1200 munera
860 1140 945 1201 Pacis

24 1243 25 1278 1
87 1245 116 1306 17
121 1246 135 1309 5
156 1227 334 1310 Laurigerae,
357 1243 391 1286 ut
404 1225 493 1288 solam
506 1222 614 1287 resonis
628 1226 819 1287 concentibus
833 1225 917 1288 illam
1098 1247 1154 1312 rag.
1166 1244 1240 1294 vm.

158 1317 311 1375 Certantes
325 1309 451 1376 sublime
465 1311 562 1376 serant
577 1313 613 1374 ad
628 1311 722 1389 sidera
737 1311 869 1394 dignam.

157 1399 324 1482 Euripides,
347 1403 467 1482 tragicae
479 1400 533 1482 qui
546 1397 641 1484 gloria
655 1401 750 1482 prima
764 1403 924 1476 Camoena‘,
953 1455 957 1460 .

24 1483 26 1574 l
158 1489 269 1551 Pacem
286 1483 459 1561 describens,
483 1491 668 1569 opulentam,
687 1502 818 1569 tumque
832 1489 947 1551 beatam
1045 1531 1050 1538 ·

158 1578 311 1646 Nominat,
335 1575 400 1637 haec
412 1575 543 1637 addens:
568 1583 588 1611 ‘⁶
603 1579 682 1637 lnter
698 1574 900 1658 pulcherrima
914 1576 1037 1638 Diras.”

75 1661 80 1670 ‘
95 1667 142 1728 180
162 1665 263 1746 Atque
278 1661 350 1724 alibi
365 1686 372 1722 :
399 1670 419 1697 “
433 1666 591 1748 Qantum
604 1661 685 1725 bello
701 1663 861 1745 potiorque
872 1661 971 1725 serena

162 1756 182 1786 ‘⁸
196 1751 241 1812 Sit
254 1770 323 1832 pax,
347 1751 378 1811 in
394 1751 494 1831 primis
509 1771 578 1832 quae
592 1749 692 1812 Musas
710 1767 864 1832 promovet
880 1753 982 1825 almas,

164 1845 184 1875 ‘⁸
200 1837 348 1900 Ludtibus
364 1857 398 1899 ac
414 1835 591 1912 adversatur,
615 1835 780 1920 sobolisque
796 1836 875 1899 su'a'vi

163 1933 184 1961 “
199 1926 394 1999 Dexteritate,
418 1926 488 1988 ltine
506 1941 597 2008 atque
611 1925 717 2006 opibus
736 1926 906 2008 congaudet
917 1924 1055 2006 opimis‚”

166 2012 261 2092 Hujus
276 2009 487 2094 Aristophanes
499 2032 622 2094 quoque
636 2029 715 2076 vates
730 2017 906 2094 comprobat
919 2032 1006 2074 omne

99 2104 148 2184 185
168 2100 332 2180 Judicium‚
354 2098 454 2161 landes
468 2102 550 2162 Pacis
566 2099 725 2181 praedivitis
740 2120 862 2182 angens.

167 2187 359 2266 Bacchylides
373 2188 477 2250 cecinit
489 2185 566 2249 sacer
579 2189 610 2249 in
621 2185 780 2250 Poeanibus
794 2186 867 2248 illa:

166 2281 187 2309 “
202 2277 335 2339 Maxima
350 2295 478 2358 quaeque
492 2275 580 2338 refert
593 2276 767 2337 mortalibus
781 2295 868 2337 aurea
882 2274 964 2337 Pacis

169 2367 190 2400 “
206 2363 396 2446 Progenies.’²
441 2365 546 2426 Pacem
560 2361 749 2424 commendat
764 2358 850 2424 Musa
866 2362 1006 2437 Philonis,

167 2451 237 2513 Haec
252 2451 281 2510 81
293 2449 525 2522 commemorat:
552 2458 571 2485 “
586 2454 616 2514 N
619 2470 675 2513 unc
690 2451 721 2512 id
735 2451 819 2533 quod
835 2452 992 2532 perplacet,
1016 2444 1076 2529 ipsa

101 2559 149 2623 190
171 2545 190 2573 “
207 2536 320 2603 Inveni.
366 2535 477 2601 Confer
491 2559 560 2620 quae
575 2534 641 2600 sunt
656 2553 708 2602 tua
722 2559 846 2599 munera
857 2538 946 2622 large,

172 2631 192 2662 “
207 2625 375 2708 Nuptiolas,
400 2626 524 2706 prolem,
547 2640 699 2708 cognatos,
723 2621 908 2711 divitiasque,

174 2720 193 2749 “
209 2714 350 2794 Corporis
367 2715 397 2775 81
411 2709 471 2776 10111
484 2715 567 2788 vires,
590 2715 754 2794 vinumque
767 2709 885 2777 sussa'vess’

173 2798 323 2866 Hactenus
337 2801 427 2862 Aonii
442 2801 625 2864 celebrarunt
635 2801 765 2862 carmine
780 2803 884 2861 Pacem

173 2886 324 2952 Siderenm
334 2902 425 2949 vates.
471 2888 636 2952 Succedent
651 2907 783 2974 moxque
798 2888 912 2963 Latini,

107 2993 154 3059 195
175 2972 270 3037 Officii
285 2995 441 3048 memores,
463 2977 593 3044 almae&
609 2975 749 3056 praeconie
764 2975 848 3037 Pacis

174 3061 307 3126 Candida
322 3061 467 3124 mellifluis
482 3059 657 3126 resonabunt
677 3062 799 3126 vocibus
809 3077 895 3144 apte.
1007 3116 1009 3121 .
1054 3121 1068 3135 ,

177 3145 368 3212 sulmonense
379 3150 469 3212 decus
483 3147 571 3224 Naso,
596 3151 662 3232 (qui
677 3147 779 3211 floruit
794 3149 846 3212 illo

175 3235 332 3320 Tempore,
355 3257 418 3320 quo
439 3233 508 3299 vassi
524 3233 597 3300 felix
611 3239 750 3302 octavius
764 3238 845 3300 orbis

176 3327 337 3407 Imperium
351 3327 448 3388 tenuit
463 3325 622 3406 tranquilla
634 3343 703 3406 pace
716 3326 877 3406 quietum.)

24 3393 27 3486 l
106 3429 158 3480 200
176 3415 245 3474 Haec
260 3410 365 3475 cecinit
380 3411 464 3496 plane
479 3411 641 3494 dignissima
656 3413 785 3474 carmina
799 3411 890 3474 cedro

181 3498 252 3574 lllic,
277 3495 349 3560 tersa
360 3499 420 3560 dies
434 3499 485 3560 ubi
500 3496 588 3562 fastos
600 3497 687 3561 Musa
697 3498 845 3566 celebrat:
1121 3515 1176 3583 Pag.
1192 3511 1239 3559 111

24 3595 26 3640 l
180 3595 200 3621 “
214 3588 384 3652 Frondibus
397 3587 522 3650 Attiacis
535 3603 668 3668 comptos
683 3586 819 3651 redimita
833 3584 956 3669 capillos

24 3663 26 3696 l
223 3681 245 3708 “
262 3677 323 3745 Pax
334 3673 414 3748 ades,
438 3675 467 3736 81
480 3690 545 3739 1010
555 3677 634 3735 mitis
649 3675 680 3736 in
694 3675 767 3736 orbe
782 3695 879 3736 mane.

182 3767 203 3796 ‘⁸
218 3765 304 3823 Dum
315 3757 419 3822 desunt
440 3759 547 3836 hostes,
571 3760 644 3822 desit
659 3781 781 3843 quoque
794 3760 889 3823 caussa
903 3757 1066 3843 trittmphir

109 3862 162 3930 205
227 3857 247 3886 ‘⁶
264 3851 312 3910 Tu
325 3846 452 3916 ducibus
467 3849 543 3912 bello
556 3849 649 3930 gloria
664 3851 761 3928 major
773 3851 860 3915 eris.”

184 3931 306 4018 Insuper
323 3936 377 3998 hos
392 3932 488 3996 versus
502 3951 583 3998 vates
598 3935 759 3998 meditatur
773 3936 905 4001 ibidem:

185 4029 205 4058 ‘⁴
221 4023 285 4088 Sub
297 4023 371 4105 juga
385 4024 439 4084 bos
454 4025 562 4098 veniat,
586 4020 639 4086 sub
655 4039 746 4088 tetras
759 4019 857 4089 semen
871 4035 982 4087 aretas:
1048 4055 1052 4060 ⁷

229 4114 251 4146 “
266 4113 477 4176 Pax-Cererem
492 4113 596 4184 nutrit,
621 4112 701 4172 Pacis
715 4112 836 4178 alumna
850 4113 971 4176 Ceres.”

186 4192 300 4267 Rursus
315 4197 344 4260 &
358 4199 390 4262 in
404 4197 486 4262 libris
499 4197 536 4259 de
550 4216 612 4261 arte
626 4198 687 4262 haec
700 4195 858 4266 conscribit
868 4196 1008 4263 amandi:

505 4373 533 4436 K
555 4391 573 4441 2
925 4375 1122 4438 01011000·
