2942 4884
245 241 986 336 ENCQM1A1LLUSTR.V1ROR.
1195 251 1237 335 89

24 359 37 438 ζ’
116 366 325 452 Pontanilque,
348 366 513 432 liuentibus
526 367 653 451 quidem
667 369 724 434 illis

116 458 218 534 Musis,
244 455 345 522 nostra
360 458 470 539 quibus
485 456 560 519 nihil
576 457 690 521 videbit

118 549 197 608 AEtas
215 543 383 629 pulchrius,
405 540 614 628 elegantiusve.

118 633 171 695 Sed
187 654 245 696 cur
260 634 324 695 haec
339 653 398 716 ego
411 628 546 696 curiosus
560 635 694 715 inquam,

116 725 219 804 Qtum
234 720 271 783 sis
284 722 351 783 diva
366 717 433 781 satis
449 733 548 801 tuapte
562 717 665 802 sponte

116 805 262 894 Propensa
276 803 486 892 hymnisouum
503 810 589 870 beare
603 813 722 872 ratem?

399 925 560 1028 Asplaufirs
576 946 773 1024 posteritatis.

116 1048 223 1176 A'e'ra
238 1047 313 1110 dum
328 1047 471 1120 volucris,
495 1047 600 1111 fluvios
611 1049 683 1112 dum
697 1049 781 1132 piscis
795 1054 918 1130 amabit,

193 1135 369 1218 Applaudet
384 1137 513 1197 numeris
528 1135 615 1198 Musa
630 1141 768 1201 Britanna
783 1145 866 1204 meis.

116 1221 246 1284 Forsitan
262 1223 402 1286 invidulis
417 1225 541 1285 nimium
558 1221 679 1304 sperasse
693 1228 828 1304 videbor,

153 1313 237 1392 Opto
252 1309 428 1372 candidulos
442 1311 520 1372 inter
537 1312 646 1374 habere
659 1314 771 1379 locum.

24 1457 26 1462 .
114 1395 268 1463 Polleritas
284 1397 374 1482 fileat,
399 1398 516 1460 nullum
533 1398 567 1461 srt
579 1402 609 1462 in
623 1406 721 1464 omine
737 1402 866 1486 pondus,

154 1483 293 1548 Praesenti
306 1483 383 1548 seclo
394 1485 436 1546 mi
450 1487 586 1569 placuisse
600 1486 642 1550 sat
662 1489 715 1552 est.

362 1675 370 1692 fl
397 1605 448 1670 Ars
460 1609 593 1673 Thomam
616 1612 777 1694 Lupisetum.

24 1729 25 1768 t
153 1714 230 1775 'Aus
246 1711 392 1776 notissima
408 1729 578 1796 temporum
592 1732 724 1792 tuorum,

24 1793 26 1844 ῗ
186 1797 329 1884 Luplete,
353 1803 498 1883 aequoreis
513 1799 651 1885 frequens
665 1807 695 1868 iu
710 1825 763 1868 ore

24 1891 25 1960 ᾖ
107 1881 251 1950 ‘Facundo
265 1890 397 1962 Venetis,
423 1890 589 1952 &eruditis

24 1969 25 2010 ³
68 2049 72 2058 ¹
114 1974 213 2052 Gallis,
237 1975 288 2038 hic
303 1976 450 2058 placidam
469 1977 585 2060 parabis
599 1999 703 2042 aurern

113 2063 193 2124 Dum
208 2061 309 2126 scribit
321 2083 459 2128 numeros
475 2081 544 2128 tuus
560 2067 671 2130 volanti
717 2125 719 2132 .

114 2151 265 2212 Lelandus
276 2151 391 2214 calamo
403 2154 458 2214 tibi
472 2153 583 2215 dicatos
595 2175 617 2214 ε,

115 2240 176 2300 Sint
189 2242 326 2321 quamvis
342 2241 452 2302 meritis
468 2243 527 2302 tuis
538 2241 679 2304 minores.

24 2403 25 2406 Ἴ
113 2327 187 2388 'lam
203 2323 271 2390 sunt
285 2331 397 2406 omnia,
420 2347 488 2412 quae
502 2325 584 2406 saciS,
608 2327 718 2408 serena,
824 2329 838 2340 '

24 2421 26 2432 ’
114 2416 153 2474 Ut
168 2415 251 2476 nulla
265 2412 364 2478 facula
379 2417 471 2479 nitere
481 2415 578 2479 nostra

114 2501 219 2564 Poffint
235 2499 460 2585 splendidiusve‚
472 2499 623 2569 fusniac.

112 2591 195 2654 Artes
213 2591 245 2653 in
267 2594 392 2674 patriam
408 2593 499 2656 bonas
520 2593 648 2668 reducis,

114 2675 245 2764 Ling'uas
261 2677 388 2742 restituis
404 2679 567 2762 politiores,
592 2689 597 2699 '

24 2773 25 2788 ¹
114 2764 283 2829 Thesauros
293 2783 427 2830 veterum
442 2768 557 2832 invehis
571 2769 718 2832 librorum

111 2853 231 2929 Doslos
256 2855 401 2918 &recolis
416 2856 708 2921 chorumdilertum.

24 2961 25 2972 ¹
112 2944 255 3024 Interpres
269 2939 363 3007 facilis
377 2945 484 3008 Latina
499 2942 608 3008 formas

24 3031 25 3098 l
112 3032 158 3092 Ex
173 3031 287 3094 Graecis
302 3048 507 3109 monumenta,
531 3035 561 3094 &
579 3054 618 3096 ex
632 3034 748 3095 Latinis

113 3113 223 3179 Rursus
238 3121 345 3182 Graeca
359 3121 481 3204 quidem
498 3121 600 3184 labore
614 3137 711 3204 grato,

24 3219 26 3236 *
78 3204 81 3212 ’
112 3207 170 3268 Nec
185 3221 266 3268 certe
281 3208 381 3270 miuus
396 3209 462 3270 utili
476 3207 599 3292 pioque.

24 3313 26 3360 ῑ
113 3294 202 3378 Perge
219 3294 275 3358 hac
290 3297 342 3370 ire,
366 3317 481 3378 precor,
505 3298 562 3375 via,
585 3317 639 3359 nec
653 3295 717 3360 alto

114 3383 260 3456 Londino,
285 3385 387 3464 patriae
402 3402 471 3459 tuae,
494 3405 631 3468 meaeque

113 3469 215 3532 Clarus
230 3470 421 3534 luminatum
436 3472 512 3535 feres
528 3476 654 3546 minora,

112 3560 261 3620 Germano
274 3558 384 3643 eloquii
398 3557 451 3623 suo
465 3563 553 3622 Novo
564 3581 656 3644 qnam

114 3647 207 3708 Como
220 3643 344 3709 fulmine
359 3649 471 3711 Plinius
488 3649 611 3730 politus.

209 3779 260 3842 Ad
270 3783 435 3863 formatum,
458 3781 493 3844 de
506 3777 685 3846 liberalitate
700 3783 770 3844 Nic.
788 3779 926 3843 Odoualli.

113 3879 260 4002 DEfuit
276 3885 315 3945 st
340 3884 444 3949 studiis
460 3884 566 3990 nostris
580 3883 777 3990 eresceutibus
788 3905 907 3960 aurum,

205 3973 321 4034 Munus
335 3989 366 4036 at
380 3973 479 4037 Odallr
494 3969 609 4038 sullultt
627 3995 718 4036 omne
732 3973 856 4036 malum.

24 4083 26 4176 p
112 4053 164 4117 Ista
178 4055 257 4140 ptius
271 4059 372 4125 faciles
388 4077 577 4125 contemnent
591 4063 710 4145 pestora
725 4057 840 4136 Musas,
872 4066 877 4076 ‘

24 4183 26 4228 3
152 4147 191 4207 Et
205 4150 324 4230 capient
338 4149 410 4214 loeto
425 4151 570 4213 Gotthica
581 4150 671 4213 verba
683 4149 760 4224 sinu,

24 4231 26 4296 l
112 4229 191 4295 Illius
206 4235 264 4299 hoc
278 4237 309 4299 in
325 4259 372 4302 me
387 4241 527 4302 meritum
540 4259 635 4322 quarn
643 4239 758 4300 oblivio
769 4257 913 4321 magnum
966 4268 970 4276 ¹

152 4323 248 4404 Impia
264 4327 394 4392 Lethaeis
410 4347 542 4412 mergere
560 4325 644 4407 pollet
657 4328 754 4410 aquis.

24 4413 25 4432 ¹
113 4406 233 4486 llou.V
538 4419 573 4476 M

24 4773 26 4806 l
