<?xml version="1.0" encoding="UTF-8"?>
<!DOCTYPE html PUBLIC "-//W3C//DTD XHTML 1.0 Transitional//EN"
    "http://www.w3.org/TR/xhtml1/DTD/xhtml1-transitional.dtd">
<html xmlns="http://www.w3.org/1999/xhtml" xml:lang="en" lang="en">
 <head>
  <title>
</title>
<meta http-equiv="Content-Type" content="text/html;charset=utf-8" />
  <meta name='ocr-system' content='tesseract 3.04.00' />
  <meta name='ocr-capabilities' content='ocr_page ocr_carea ocr_par ocr_line ocrx_word'/>
</head>
<body>
  <div class='ocr_page' id='page_1' title='image "./joannislelandia15lelagoog_0268.png"; bbox 0 0 2942 4884; ppageno 0'>
   <div class='ocr_carea' id='block_1_1' title="bbox 118 50 216 63">
    <p class='ocr_par' dir='ltr' id='par_1_1' title="bbox 118 50 216 63">
     <span class='ocr_line' id='line_1_1' title="bbox 118 50 216 63; baseline -0.02 -3"><span class='ocrx_word' id='word_1_1' title='bbox 118 50 216 63; x_wconf 65' lang='grc' dir='ltr'>.,,...-ι--Δ</span> 
     </span>
    </p>
   </div>
   <div class='ocr_carea' id='block_1_2' title="bbox 138 232 204 298">
    <p class='ocr_par' dir='ltr' id='par_1_2' title="bbox 138 232 204 298">
     <span class='ocr_line' id='line_1_2' title="bbox 138 232 204 298; baseline 0.061 -4"><span class='ocrx_word' id='word_1_2' title='bbox 138 232 204 298; x_wconf 72' lang='lat'>262</span> 
     </span>
    </p>
   </div>
   <div class='ocr_carea' id='block_1_3' title="bbox 450 207 1059 282">
    <p class='ocr_par' dir='ltr' id='par_1_3' title="bbox 450 207 1059 282">
     <span class='ocr_line' id='line_1_3' title="bbox 450 207 1059 282; baseline -0.016 1"><span class='ocrx_word' id='word_1_3' title='bbox 450 209 588 282; x_wconf 74' lang='lat' dir='ltr'>VITA</span> <span class='ocrx_word' id='word_1_4' title='bbox 622 209 774 278; x_wconf 78' lang='lat' dir='ltr'>GU1L.</span> <span class='ocrx_word' id='word_1_5' title='bbox 808 207 1059 274; x_wconf 88' lang='lat' dir='ltr'>CHAPPEL</span> 
     </span>
    </p>
   </div>
   <div class='ocr_carea' id='block_1_4' title="bbox 346 334 1340 2532">
    <p class='ocr_par' dir='ltr' id='par_1_4' title="bbox 346 334 1119 1309">
     <span class='ocr_line' id='line_1_4' title="bbox 393 334 1072 431; baseline -0.01 -21"><span class='ocrx_word' id='word_1_6' title='bbox 393 350 537 431; x_wconf 87' lang='lat' dir='ltr'>Supreme</span> <span class='ocrx_word' id='word_1_7' title='bbox 550 343 657 424; x_wconf 86' lang='lat' dir='ltr'>judex,</span> <span class='ocrx_word' id='word_1_8' title='bbox 680 339 772 404; x_wconf 88' lang='lat' dir='ltr'>corda</span> <span class='ocrx_word' id='word_1_9' title='bbox 786 334 928 422; x_wconf 84' lang='lat' dir='ltr'>renesque</span> <span class='ocrx_word' id='word_1_10' title='bbox 942 338 1072 418; x_wconf 79' lang='lat' dir='ltr'>intuens,</span> 
     </span>
     <span class='ocr_line' id='line_1_5' title="bbox 348 426 915 512; baseline -0.018 -13"><span class='ocrx_word' id='word_1_11' title='bbox 348 434 474 500; x_wconf 72' lang='lat' dir='ltr'>Pestora</span> <span class='ocrx_word' id='word_1_12' title='bbox 487 430 562 496; x_wconf 85' lang='lat' dir='ltr'>nolli</span> <span class='ocrx_word' id='word_1_13' title='bbox 577 427 667 504; x_wconf 88' lang='lat' dir='ltr'>solus,</span> <span class='ocrx_word' id='word_1_14' title='bbox 690 447 785 512; x_wconf 85' lang='lat' dir='ltr'>eaque</span> <span class='ocrx_word' id='word_1_15' title='bbox 800 426 915 510; x_wconf 82' lang='lat' dir='ltr'>singula</span> 
     </span>
     <span class='ocr_line' id='line_1_6' title="bbox 348 514 1045 608; baseline -0.014 -21"><span class='ocrx_word' id='word_1_16' title='bbox 348 523 471 608; x_wconf 79' lang='lat' dir='ltr'>Quidve</span> <span class='ocrx_word' id='word_1_17' title='bbox 485 521 557 584; x_wconf 91' lang='lat' dir='ltr'>boni</span> <span class='ocrx_word' id='word_1_18' title='bbox 572 517 669 594; x_wconf 79' lang='lat' dir='ltr'>omisi,</span> <span class='ocrx_word' id='word_1_19' title='bbox 692 516 805 600; x_wconf 89' lang='lat' dir='ltr'>quidve</span> <span class='ocrx_word' id='word_1_20' title='bbox 819 516 934 598; x_wconf 87' lang='lat' dir='ltr'>patravi</span> <span class='ocrx_word' id='word_1_21' title='bbox 949 514 1045 590; x_wconf 63' lang='lat' dir='ltr'>malis</span> 
     </span>
     <span class='ocr_line' id='line_1_7' title="bbox 348 601 1058 691; baseline -0.013 -15"><span class='ocrx_word' id='word_1_22' title='bbox 348 612 473 676; x_wconf 88' lang='lat' dir='ltr'>Nedum</span> <span class='ocrx_word' id='word_1_23' title='bbox 487 606 562 691; x_wconf 94' lang='lat' dir='ltr'>quid</span> <span class='ocrx_word' id='word_1_24' title='bbox 577 607 625 688; x_wconf 82' lang='lat' dir='ltr'>egi</span> <span class='ocrx_word' id='word_1_25' title='bbox 640 604 715 668; x_wconf 89' lang='lat' dir='ltr'>bene</span> <span class='ocrx_word' id='word_1_26' title='bbox 734 605 806 668; x_wconf 89' lang='lat' dir='ltr'>latet</span> <span class='ocrx_word' id='word_1_27' title='bbox 822 601 944 666; x_wconf 91' lang='lat' dir='ltr'>oculum</span> <span class='ocrx_word' id='word_1_28' title='bbox 959 618 1058 667; x_wconf 91' lang='lat' dir='ltr'>tuum.</span> 
     </span>
     <span class='ocr_line' id='line_1_8' title="bbox 346 689 935 784; baseline -0.015 -21"><span class='ocrx_word' id='word_1_29' title='bbox 346 695 472 784; x_wconf 82' lang='lat' dir='ltr'>Ignosce</span> <span class='ocrx_word' id='word_1_30' title='bbox 486 693 579 768; x_wconf 87' lang='lat' dir='ltr'>servo,</span> <span class='ocrx_word' id='word_1_31' title='bbox 602 690 719 776; x_wconf 80' lang='lat' dir='ltr'>ignosce</span> <span class='ocrx_word' id='word_1_32' title='bbox 732 689 935 754; x_wconf 86' lang='lat' dir='ltr'>inutiliffimol</span> 
     </span>
     <span class='ocr_line' id='line_1_9' title="bbox 348 779 1026 864; baseline -0.016 -14"><span class='ocrx_word' id='word_1_33' title='bbox 348 791 444 861; x_wconf 83' lang='lat' dir='ltr'>Lava,</span> <span class='ocrx_word' id='word_1_34' title='bbox 471 788 585 847; x_wconf 79' lang='lat' dir='ltr'>Lauare</span> <span class='ocrx_word' id='word_1_35' title='bbox 598 779 763 864; x_wconf 87' lang='lat' dir='ltr'>multiplica</span> <span class='ocrx_word' id='word_1_36' title='bbox 778 780 906 840; x_wconf 86' lang='lat' dir='ltr'>animam</span> <span class='ocrx_word' id='word_1_37' title='bbox 929 797 1026 843; x_wconf 86' lang='lat' dir='ltr'>meam</span> 
     </span>
     <span class='ocr_line' id='line_1_10' title="bbox 352 863 975 958; baseline -0.014 -22"><span class='ocrx_word' id='word_1_38' title='bbox 352 873 510 958; x_wconf 86' lang='lat' dir='ltr'>Unigeniti</span> <span class='ocrx_word' id='word_1_39' title='bbox 523 866 678 954; x_wconf 86' lang='lat' dir='ltr'>sanguine,</span> <span class='ocrx_word' id='word_1_40' title='bbox 700 863 953 930; x_wconf 88' lang='lat' dir='ltr'>Misrecordillime</span> <span class='ocrx_word' id='word_1_41' title='bbox 968 872 975 927; x_wconf 91' lang='lat'>!</span> 
     </span>
     <span class='ocr_line' id='line_1_11' title="bbox 348 955 1054 1047; baseline -0.011 -22"><span class='ocrx_word' id='word_1_42' title='bbox 348 964 434 1047; x_wconf 83' lang='lat' dir='ltr'>Qin</span> <span class='ocrx_word' id='word_1_43' title='bbox 448 961 476 1024; x_wconf 86' lang='lat'>&amp;</span> <span class='ocrx_word' id='word_1_44' title='bbox 491 960 569 1023; x_wconf 91' lang='lat' dir='ltr'>bene</span> <span class='ocrx_word' id='word_1_45' title='bbox 583 957 658 1040; x_wconf 92' lang='lat' dir='ltr'>quid</span> <span class='ocrx_word' id='word_1_46' title='bbox 673 958 721 1040; x_wconf 84' lang='lat' dir='ltr'>egi</span> <span class='ocrx_word' id='word_1_47' title='bbox 734 959 841 1018; x_wconf 90' lang='lat' dir='ltr'>Tuam</span> <span class='ocrx_word' id='word_1_48' title='bbox 855 975 906 1038; x_wconf 89' lang='lat' dir='ltr'>per</span> <span class='ocrx_word' id='word_1_49' title='bbox 919 955 1054 1036; x_wconf 84' lang='lat' dir='ltr'>gratiam,</span> 
     </span>
     <span class='ocr_line' id='line_1_12' title="bbox 350 1040 1119 1135; baseline -0.007 -22"><span class='ocrx_word' id='word_1_50' title='bbox 350 1050 446 1135; x_wconf 81' lang='lat' dir='ltr'>Qod</span> <span class='ocrx_word' id='word_1_51' title='bbox 461 1049 522 1111; x_wconf 90' lang='lat' dir='ltr'>heu</span> <span class='ocrx_word' id='word_1_52' title='bbox 537 1053 544 1109; x_wconf 81' lang='lat' dir='ltr'>l</span> <span class='ocrx_word' id='word_1_53' title='bbox 570 1065 677 1128; x_wconf 90' lang='lat' dir='ltr'>parum</span> <span class='ocrx_word' id='word_1_54' title='bbox 690 1042 743 1118; x_wconf 83' lang='lat' dir='ltr'>est,</span> <span class='ocrx_word' id='word_1_55' title='bbox 767 1042 798 1106; x_wconf 91' lang='lat' dir='ltr'>id</span> <span class='ocrx_word' id='word_1_56' title='bbox 813 1058 847 1103; x_wconf 91' lang='lat' dir='ltr'>ut</span> <span class='ocrx_word' id='word_1_57' title='bbox 861 1040 987 1106; x_wconf 85' lang='lat' dir='ltr'>aestimes</span> <span class='ocrx_word' id='word_1_58' title='bbox 1002 1043 1119 1108; x_wconf 88' lang='lat' dir='ltr'>inFilio</span> 
     </span>
     <span class='ocr_line' id='line_1_13' title="bbox 350 1131 1046 1218; baseline -0.014 -16"><span class='ocrx_word' id='word_1_59' title='bbox 350 1137 529 1203; x_wconf 85' lang='lat' dir='ltr'>Humillime</span> <span class='ocrx_word' id='word_1_60' title='bbox 543 1151 624 1218; x_wconf 86' lang='lat' dir='ltr'>peto,</span> <span class='ocrx_word' id='word_1_61' title='bbox 647 1151 758 1215; x_wconf 90' lang='lat' dir='ltr'>meque</span> <span class='ocrx_word' id='word_1_62' title='bbox 773 1144 872 1192; x_wconf 90' lang='lat' dir='ltr'>totum</span> <span class='ocrx_word' id='word_1_63' title='bbox 883 1145 917 1194; x_wconf 89' lang='lat' dir='ltr'>ut</span> <span class='ocrx_word' id='word_1_64' title='bbox 931 1131 1046 1214; x_wconf 86' lang='lat' dir='ltr'>operias</span> 
     </span>
     <span class='ocr_line' id='line_1_14' title="bbox 352 1215 1013 1309; baseline -0.014 -20"><span class='ocrx_word' id='word_1_65' title='bbox 352 1230 390 1289; x_wconf 93' lang='lat' dir='ltr'>In</span> <span class='ocrx_word' id='word_1_66' title='bbox 406 1221 480 1309; x_wconf 85' lang='lat' dir='ltr'>ipso,</span> <span class='ocrx_word' id='word_1_67' title='bbox 501 1225 533 1286; x_wconf 91' lang='lat' dir='ltr'>in</span> <span class='ocrx_word' id='word_1_68' title='bbox 547 1218 610 1305; x_wconf 87' lang='lat' dir='ltr'>ipso</span> <span class='ocrx_word' id='word_1_69' title='bbox 624 1215 697 1296; x_wconf 81' lang='lat' dir='ltr'>solo,</span> <span class='ocrx_word' id='word_1_70' title='bbox 720 1217 832 1302; x_wconf 88' lang='lat' dir='ltr'>inipso</span> <span class='ocrx_word' id='word_1_71' title='bbox 847 1218 1013 1301; x_wconf 86' lang='lat' dir='ltr'>perpetim!</span> 
     </span>
    </p>

    <p class='ocr_par' dir='ltr' id='par_1_5' title="bbox 352 1304 1282 1661">
     <span class='ocr_line' id='line_1_15' title="bbox 399 1304 1134 1396; baseline -0.005 -21"><span class='ocrx_word' id='word_1_72' title='bbox 399 1313 534 1396; x_wconf 75' lang='lat' dir='ltr'>Linguae</span> <span class='ocrx_word' id='word_1_73' title='bbox 547 1307 771 1383; x_wconf 81' lang='lat' dir='ltr'>malevolorum,</span> <span class='ocrx_word' id='word_1_74' title='bbox 794 1304 917 1370; x_wconf 80' lang='lat' dir='ltr'>haeresin</span> <span class='ocrx_word' id='word_1_75' title='bbox 934 1305 1134 1391; x_wconf 80' lang='lat' dir='ltr'>erepentium,</span> 
     </span>
     <span class='ocr_line' id='line_1_16' title="bbox 352 1391 1016 1482; baseline -0.011 -17"><span class='ocrx_word' id='word_1_76' title='bbox 352 1406 394 1465; x_wconf 88' lang='lat' dir='ltr'>Et</span> <span class='ocrx_word' id='word_1_77' title='bbox 408 1397 505 1464; x_wconf 84' lang='lat' dir='ltr'>nescio</span> <span class='ocrx_word' id='word_1_78' title='bbox 518 1397 595 1482; x_wconf 89' lang='lat' dir='ltr'>quid</span> <span class='ocrx_word' id='word_1_79' title='bbox 614 1393 738 1460; x_wconf 88' lang='lat' dir='ltr'>monstri</span> <span class='ocrx_word' id='word_1_80' title='bbox 754 1394 794 1456; x_wconf 92' lang='lat' dir='ltr'>ali</span> <span class='ocrx_word' id='word_1_81' title='bbox 813 1395 844 1458; x_wconf 93' lang='lat' dir='ltr'>in</span> <span class='ocrx_word' id='word_1_82' title='bbox 858 1391 924 1456; x_wconf 89' lang='lat' dir='ltr'>srnu</span> <span class='ocrx_word' id='word_1_83' title='bbox 939 1414 1016 1472; x_wconf 90' lang='lat' dir='ltr'>meo,</span> 
     </span>
     <span class='ocr_line' id='line_1_17' title="bbox 353 1481 1282 1570; baseline -0.003 -17"><span class='ocrx_word' id='word_1_84' title='bbox 353 1487 450 1564; x_wconf 90' lang='lat' dir='ltr'>Nosti,</span> <span class='ocrx_word' id='word_1_85' title='bbox 475 1487 615 1562; x_wconf 88' lang='lat' dir='ltr'>Domine,</span> <span class='ocrx_word' id='word_1_86' title='bbox 637 1503 730 1566; x_wconf 89' lang='lat' dir='ltr'>quam</span> <span class='ocrx_word' id='word_1_87' title='bbox 746 1503 806 1544; x_wconf 92' lang='lat' dir='ltr'>non</span> <span class='ocrx_word' id='word_1_88' title='bbox 821 1483 990 1545; x_wconf 76' lang='lat' dir='ltr'>mernerIm.</span> <span class='ocrx_word' id='word_1_89' title='bbox 1037 1481 1129 1546; x_wconf 85' lang='lat' dir='ltr'>Haud</span> <span class='ocrx_word' id='word_1_90' title='bbox 1148 1482 1282 1570; x_wconf 76' lang='lat' dir='ltr'>Imputes</span> 
     </span>
     <span class='ocr_line' id='line_1_18' title="bbox 353 1569 972 1661; baseline -0.015 -21"><span class='ocrx_word' id='word_1_91' title='bbox 353 1575 429 1661; x_wconf 87' lang='lat' dir='ltr'>lpfis</span> <span class='ocrx_word' id='word_1_92' title='bbox 443 1575 624 1638; x_wconf 88' lang='lat' dir='ltr'>calumniam</span> <span class='ocrx_word' id='word_1_93' title='bbox 638 1569 721 1635; x_wconf 86' lang='lat' dir='ltr'>suam</span> <span class='ocrx_word' id='word_1_94' title='bbox 738 1584 790 1633; x_wconf 88' lang='lat' dir='ltr'>aut</span> <span class='ocrx_word' id='word_1_95' title='bbox 806 1569 948 1634; x_wconf 84' lang='lat' dir='ltr'>inscitiam</span> <span class='ocrx_word' id='word_1_96' title='bbox 964 1576 972 1631; x_wconf 85' lang='lat' dir='ltr'>l</span> 
     </span>
    </p>

    <p class='ocr_par' dir='ltr' id='par_1_6' title="bbox 351 1657 1340 2532">
     <span class='ocr_line' id='line_1_19' title="bbox 397 1657 1202 1746; baseline -0.002 -21"><span class='ocrx_word' id='word_1_97' title='bbox 397 1667 464 1742; x_wconf 87' lang='lat' dir='ltr'>Jam</span> <span class='ocrx_word' id='word_1_98' title='bbox 479 1661 652 1746; x_wconf 89' lang='lat' dir='ltr'>quindecim</span> <span class='ocrx_word' id='word_1_99' title='bbox 667 1679 760 1722; x_wconf 89' lang='lat' dir='ltr'>annos</span> <span class='ocrx_word' id='word_1_100' title='bbox 773 1679 883 1742; x_wconf 91' lang='lat' dir='ltr'>corpus</span> <span class='ocrx_word' id='word_1_101' title='bbox 902 1677 1016 1743; x_wconf 85' lang='lat' dir='ltr'>aegrum</span> <span class='ocrx_word' id='word_1_102' title='bbox 1031 1659 1083 1722; x_wconf 81' lang='lat' dir='ltr'>vix</span> <span class='ocrx_word' id='word_1_103' title='bbox 1104 1657 1202 1737; x_wconf 81' lang='lat' dir='ltr'>traho,</span> 
     </span>
     <span class='ocr_line' id='line_1_20' title="bbox 352 1747 1009 1834; baseline -0.003 -19"><span class='ocrx_word' id='word_1_104' title='bbox 352 1750 466 1834; x_wconf 87' lang='lat' dir='ltr'>Estque</span> <span class='ocrx_word' id='word_1_105' title='bbox 481 1748 625 1830; x_wconf 84' lang='lat' dir='ltr'>Jubilaeus</span> <span class='ocrx_word' id='word_1_106' title='bbox 639 1748 690 1810; x_wconf 89' lang='lat' dir='ltr'>hie</span> <span class='ocrx_word' id='word_1_107' title='bbox 701 1767 798 1810; x_wconf 87' lang='lat' dir='ltr'>annus</span> <span class='ocrx_word' id='word_1_108' title='bbox 813 1747 907 1809; x_wconf 84' lang='lat' dir='ltr'>aetatis</span> <span class='ocrx_word' id='word_1_109' title='bbox 926 1767 1009 1813; x_wconf 82' lang='lat' dir='ltr'>meae.</span> 
     </span>
     <span class='ocr_line' id='line_1_21' title="bbox 352 1831 1340 1924; baseline 0.001 -23"><span class='ocrx_word' id='word_1_110' title='bbox 352 1837 638 1924; x_wconf 84' lang='lat' dir='ltr'>clange,·Domine,</span> <span class='ocrx_word' id='word_1_111' title='bbox 663 1831 750 1912; x_wconf 74' lang='lat' dir='ltr'>tubi,</span> <span class='ocrx_word' id='word_1_112' title='bbox 766 1835 848 1918; x_wconf 90' lang='lat' dir='ltr'>eripe</span> <span class='ocrx_word' id='word_1_113' title='bbox 858 1832 1007 1898; x_wconf 80' lang='lat' dir='ltr'>famulum</span> <span class='ocrx_word' id='word_1_114' title='bbox 1022 1832 1060 1898; x_wconf 89' lang='lat' dir='ltr'>ab</span> <span class='ocrx_word' id='word_1_115' title='bbox 1074 1837 1178 1899; x_wconf 83' lang='lat' dir='ltr'>animae</span> <span class='ocrx_word' id='word_1_116' title='bbox 1190 1832 1340 1917; x_wconf 85' lang='lat' dir='ltr'>hostibus,</span> 
     </span>
     <span class='ocr_line' id='line_1_22' title="bbox 351 1924 1086 2008; baseline -0.004 -19"><span class='ocrx_word' id='word_1_117' title='bbox 351 1927 484 2001; x_wconf 90' lang='lat' dir='ltr'>Mundo,</span> <span class='ocrx_word' id='word_1_118' title='bbox 508 1924 649 2000; x_wconf 89' lang='lat' dir='ltr'>Diabolo,</span> <span class='ocrx_word' id='word_1_119' title='bbox 673 1942 774 2000; x_wconf 87' lang='lat' dir='ltr'>carne,</span> <span class='ocrx_word' id='word_1_120' title='bbox 795 1943 910 1986; x_wconf 90' lang='lat' dir='ltr'>necnon</span> <span class='ocrx_word' id='word_1_121' title='bbox 930 1925 1086 2008; x_wconf 82' lang='lat' dir='ltr'>eorporis!</span> 
     </span>
     <span class='ocr_line' id='line_1_23' title="bbox 351 2009 962 2096; baseline -0.008 -18"><span class='ocrx_word' id='word_1_122' title='bbox 351 2017 428 2090; x_wconf 89' lang='lat' dir='ltr'>Aut,</span> <span class='ocrx_word' id='word_1_123' title='bbox 451 2013 475 2076; x_wconf 84' lang='lat' dir='ltr'><strong>fi</strong></span> <span class='ocrx_word' id='word_1_124' title='bbox 496 2010 671 2091; x_wconf 80' lang='lat' dir='ltr'>tibiuisum,</span> <span class='ocrx_word' id='word_1_125' title='bbox 697 2009 848 2096; x_wconf 87' lang='lat' dir='ltr'>benignus</span> <span class='ocrx_word' id='word_1_126' title='bbox 862 2011 962 2094; x_wconf 85' lang='lat' dir='ltr'>accipe</span> 
     </span>
     <span class='ocr_line' id='line_1_24' title="bbox 353 2097 1184 2186; baseline 0 -20"><span class='ocrx_word' id='word_1_127' title='bbox 353 2105 498 2166; x_wconf 87' lang='lat' dir='ltr'>Animam</span> <span class='ocrx_word' id='word_1_128' title='bbox 512 2122 607 2164; x_wconf 88' lang='lat' dir='ltr'>meam</span> <span class='ocrx_word' id='word_1_129' title='bbox 621 2127 631 2179; x_wconf 90' lang='lat'>;</span> <span class='ocrx_word' id='word_1_130' title='bbox 654 2099 760 2167; x_wconf 89' lang='lat' dir='ltr'>melior</span> <span class='ocrx_word' id='word_1_131' title='bbox 772 2099 850 2163; x_wconf 90' lang='lat' dir='ltr'>enim</span> <span class='ocrx_word' id='word_1_132' title='bbox 864 2099 946 2162; x_wconf 88' lang='lat' dir='ltr'>haud</span> <span class='ocrx_word' id='word_1_133' title='bbox 962 2097 1027 2162; x_wconf 88' lang='lat' dir='ltr'>sum</span> <span class='ocrx_word' id='word_1_134' title='bbox 1042 2100 1184 2186; x_wconf 79' lang='lat' dir='ltr'>patribus.</span> 
     </span>
     <span class='ocr_line' id='line_1_25' title="bbox 355 2183 1038 2273; baseline 0 -21"><span class='ocrx_word' id='word_1_135' title='bbox 355 2195 520 2273; x_wconf 89' lang='lat' dir='ltr'>Utcunque</span> <span class='ocrx_word' id='word_1_136' title='bbox 544 2188 640 2272; x_wconf 87' lang='lat' dir='ltr'>(quod</span> <span class='ocrx_word' id='word_1_137' title='bbox 658 2189 746 2251; x_wconf 87' lang='lat' dir='ltr'>toties</span> <span class='ocrx_word' id='word_1_138' title='bbox 761 2202 897 2272; x_wconf 86' lang='lat' dir='ltr'>precatus</span> <span class='ocrx_word' id='word_1_139' title='bbox 909 2183 973 2250; x_wconf 87' lang='lat' dir='ltr'>sum</span> <span class='ocrx_word' id='word_1_140' title='bbox 990 2189 1038 2252; x_wconf 91' lang='lat' dir='ltr'>die</span> 
     </span>
     <span class='ocr_line' id='line_1_26' title="bbox 355 2265 1283 2362; baseline 0 -20"><span class='ocrx_word' id='word_1_141' title='bbox 355 2281 396 2342; x_wconf 92' lang='lat' dir='ltr'>Et</span> <span class='ocrx_word' id='word_1_142' title='bbox 414 2279 513 2354; x_wconf 77' lang='lat' dir='ltr'>noete,</span> <span class='ocrx_word' id='word_1_143' title='bbox 536 2278 621 2362; x_wconf 92' lang='lat' dir='ltr'>quod</span> <span class='ocrx_word' id='word_1_144' title='bbox 635 2272 777 2361; x_wconf 88' lang='lat' dir='ltr'>&amp;usque</span> <span class='ocrx_word' id='word_1_145' title='bbox 797 2277 915 2360; x_wconf 77' lang='lat' dir='ltr'>precor)</span> <span class='ocrx_word' id='word_1_146' title='bbox 939 2265 1030 2340; x_wconf 67' lang='lat' dir='ltr'>haud‘</span> <span class='ocrx_word' id='word_1_147' title='bbox 1042 2297 1176 2362; x_wconf 84' lang='lat' dir='ltr'>unquam</span> <span class='ocrx_word' id='word_1_148' title='bbox 1194 2275 1283 2359; x_wconf 68' lang='lat' dir='ltr'>lineo,</span> 
     </span>
     <span class='ocr_line' id='line_1_27' title="bbox 355 2359 969 2441; baseline 0 -13"><span class='ocrx_word' id='word_1_149' title='bbox 355 2371 401 2428; x_wconf 89' lang='lat' dir='ltr'>Ut</span> <span class='ocrx_word' id='word_1_150' title='bbox 414 2366 474 2430; x_wconf 83' lang='lat' dir='ltr'>five</span> <span class='ocrx_word' id='word_1_151' title='bbox 484 2367 593 2441; x_wconf 86' lang='lat' dir='ltr'>vivam,</span> <span class='ocrx_word' id='word_1_152' title='bbox 615 2363 675 2427; x_wconf 86' lang='lat' dir='ltr'>srve</span> <span class='ocrx_word' id='word_1_153' title='bbox 688 2366 807 2440; x_wconf 86' lang='lat' dir='ltr'>moriar,</span> <span class='ocrx_word' id='word_1_154' title='bbox 830 2359 969 2428; x_wconf 81' lang='lat' dir='ltr'>scandalo</span> 
     </span>
     <span class='ocr_line' id='line_1_28' title="bbox 357 2451 917 2532; baseline -0.005 -16"><span class='ocrx_word' id='word_1_155' title='bbox 357 2455 421 2517; x_wconf 86' lang='lat' dir='ltr'>Sim</span> <span class='ocrx_word' id='word_1_156' title='bbox 438 2454 568 2532; x_wconf 83' lang='lat' dir='ltr'>veritati,</span> <span class='ocrx_word' id='word_1_157' title='bbox 590 2453 709 2516; x_wconf 84' lang='lat' dir='ltr'>eoelitus</span> <span class='ocrx_word' id='word_1_158' title='bbox 726 2453 802 2516; x_wconf 90' lang='lat' dir='ltr'>mihi</span> <span class='ocrx_word' id='word_1_159' title='bbox 816 2451 917 2516; x_wconf 85' lang='lat' dir='ltr'>datae!</span> 
     </span>
    </p>
   </div>
   <div class='ocr_carea' id='block_1_5' title="bbox 312 2570 1342 2847">
    <p class='ocr_par' dir='ltr' id='par_1_7' title="bbox 312 2570 1342 2847">
     <span class='ocr_line' id='line_1_29' title="bbox 312 2570 1143 2670; baseline 0.002 -21"><span class='ocrx_word' id='word_1_160' title='bbox 312 2570 315 2574; x_wconf 9' lang='grc' dir='ltr'><strong>λ</strong></span> <span class='ocrx_word' id='word_1_161' title='bbox 398 2583 561 2649; x_wconf 82' lang='lat' dir='ltr'>Eecleliam</span> <span class='ocrx_word' id='word_1_162' title='bbox 572 2582 653 2648; x_wconf 86' lang='lat' dir='ltr'>serva</span> <span class='ocrx_word' id='word_1_163' title='bbox 666 2583 864 2660; x_wconf 82' lang='lat' dir='ltr'>catholicam,</span> <span class='ocrx_word' id='word_1_164' title='bbox 888 2583 1143 2670; x_wconf 81' lang='lat' dir='ltr'>hancAnglicam,</span> 
     </span>
     <span class='ocr_line' id='line_1_30' title="bbox 399 2671 1198 2758; baseline -0.003 -21"><span class='ocrx_word' id='word_1_165' title='bbox 399 2675 581 2758; x_wconf 85' lang='lat' dir='ltr'>Fatumque,</span> <span class='ocrx_word' id='word_1_166' title='bbox 603 2673 822 2758; x_wconf 81' lang='lat' dir='ltr'>Papntumque,</span> <span class='ocrx_word' id='word_1_167' title='bbox 846 2671 1037 2758; x_wconf 87' lang='lat' dir='ltr'>Schismaque</span> <span class='ocrx_word' id='word_1_168' title='bbox 1057 2680 1198 2740; x_wconf 83' lang='lat' dir='ltr'>remove!</span> 
     </span>
     <span class='ocr_line' id='line_1_31' title="bbox 400 2759 1342 2847; baseline 0.005 -23"><span class='ocrx_word' id='word_1_169' title='bbox 400 2763 508 2826; x_wconf 84' lang='lat' dir='ltr'>Amen.</span> <span class='ocrx_word' id='word_1_170' title='bbox 552 2759 634 2842; x_wconf 85' lang='lat' dir='ltr'>Jube</span> <span class='ocrx_word' id='word_1_171' title='bbox 645 2761 710 2825; x_wconf 84' lang='lat' dir='ltr'>haee</span> <span class='ocrx_word' id='word_1_172' title='bbox 723 2777 759 2823; x_wconf 91' lang='lat' dir='ltr'>ut</span> <span class='ocrx_word' id='word_1_173' title='bbox 779 2761 846 2838; x_wconf 79' lang='lat' dir='ltr'>sint,</span> <span class='ocrx_word' id='word_1_174' title='bbox 870 2777 1031 2847; x_wconf 87' lang='lat' dir='ltr'>eruntque.</span> <span class='ocrx_word' id='word_1_175' title='bbox 1076 2766 1194 2828; x_wconf 89' lang='lat' dir='ltr'>Amen!</span> <span class='ocrx_word' id='word_1_176' title='bbox 1218 2761 1342 2828; x_wconf 86' lang='lat' dir='ltr'>Amen!</span> 
     </span>
    </p>
   </div>
   <div class='ocr_carea' id='block_1_6' title="bbox 356 2889 1160 3328">
    <p class='ocr_par' dir='ltr' id='par_1_8' title="bbox 356 2889 949 2957">
     <span class='ocr_line' id='line_1_32' title="bbox 356 2889 949 2957; baseline 0 -1"><span class='ocrx_word' id='word_1_177' title='bbox 356 2895 449 2956; x_wconf 87' lang='lat' dir='ltr'>Anno</span> <span class='ocrx_word' id='word_1_178' title='bbox 462 2889 592 2957; x_wconf 89' lang='lat' dir='ltr'>secundo</span> <span class='ocrx_word' id='word_1_179' title='bbox 606 2892 714 2956; x_wconf 89' lang='lat' dir='ltr'>Braius</span> <span class='ocrx_word' id='word_1_180' title='bbox 726 2891 766 2954; x_wconf 90' lang='lat' dir='ltr'>ad</span> <span class='ocrx_word' id='word_1_181' title='bbox 782 2913 830 2956; x_wconf 90' lang='lat' dir='ltr'>me</span> <span class='ocrx_word' id='word_1_182' title='bbox 851 2894 949 2957; x_wconf 88' lang='lat' dir='ltr'>literas</span> 
     </span>
    </p>

    <p class='ocr_par' dir='ltr' id='par_1_9' title="bbox 359 2977 1078 3132">
     <span class='ocr_line' id='line_1_33' title="bbox 359 2977 1078 3068; baseline 0.001 -23"><span class='ocrx_word' id='word_1_183' title='bbox 359 2986 423 3046; x_wconf 91' lang='lat' dir='ltr'>Dat</span> <span class='ocrx_word' id='word_1_184' title='bbox 437 2983 558 3043; x_wconf 90' lang='lat' dir='ltr'>nomine</span> <span class='ocrx_word' id='word_1_185' title='bbox 572 2981 698 3044; x_wconf 89' lang='lat' dir='ltr'>Domini</span> <span class='ocrx_word' id='word_1_186' title='bbox 715 2977 770 3056; x_wconf 90' lang='lat' dir='ltr'>sui,</span> <span class='ocrx_word' id='word_1_187' title='bbox 792 2981 847 3064; x_wconf 91' lang='lat' dir='ltr'>qui</span> <span class='ocrx_word' id='word_1_188' title='bbox 860 2979 1025 3068; x_wconf 82' lang='lat' dir='ltr'>Episcopus</span> <span class='ocrx_word' id='word_1_189' title='bbox 1075 3017 1078 3022; x_wconf 22' lang='grc' dir='ltr'><strong>Δ</strong></span> 
     </span>
     <span class='ocr_line' id='line_1_34' title="bbox 359 3065 921 3132; baseline 0 0"><span class='ocrx_word' id='word_1_190' title='bbox 359 3066 558 3132; x_wconf 83' lang='lat' dir='ltr'>Londinenfis</span> <span class='ocrx_word' id='word_1_191' title='bbox 577 3065 734 3132; x_wconf 80' lang='lat' dir='ltr'>tuneerat.</span> <span class='ocrx_word' id='word_1_192' title='bbox 781 3069 921 3132; x_wconf 85' lang='lat' dir='ltr'>Callelliae</span> 
     </span>
    </p>

    <p class='ocr_par' dir='ltr' id='par_1_10' title="bbox 357 3155 1160 3328">
     <span class='ocr_line' id='line_1_35' title="bbox 357 3155 1075 3241; baseline 0 -19"><span class='ocrx_word' id='word_1_193' title='bbox 357 3155 455 3222; x_wconf 86' lang='lat' dir='ltr'>Offert</span> <span class='ocrx_word' id='word_1_194' title='bbox 470 3159 678 3220; x_wconf 81' lang='lat' dir='ltr'>Decanatum:</span> <span class='ocrx_word' id='word_1_195' title='bbox 703 3177 810 3241; x_wconf 87' lang='lat' dir='ltr'>regero</span> <span class='ocrx_word' id='word_1_196' title='bbox 832 3157 907 3221; x_wconf 91' lang='lat' dir='ltr'>mihi</span> <span class='ocrx_word' id='word_1_197' title='bbox 929 3156 1075 3224; x_wconf 84' lang='lat' dir='ltr'>celebrem</span> 
     </span>
     <span class='ocr_line' id='line_1_36' title="bbox 360 3245 1160 3328; baseline 0 -20"><span class='ocrx_word' id='word_1_198' title='bbox 360 3246 487 3308; x_wconf 92' lang='lat' dir='ltr'>Minime</span> <span class='ocrx_word' id='word_1_199' title='bbox 507 3245 623 3328; x_wconf 87' lang='lat' dir='ltr'>placere</span> <span class='ocrx_word' id='word_1_200' title='bbox 642 3245 755 3320; x_wconf 89' lang='lat' dir='ltr'>locum,</span> <span class='ocrx_word' id='word_1_201' title='bbox 778 3245 946 3309; x_wconf 84' lang='lat' dir='ltr'>minime&amp;</span> <span class='ocrx_word' id='word_1_202' title='bbox 964 3246 1160 3310; x_wconf 74' lang='lat' dir='ltr'>Hiberniama</span> 
     </span>
    </p>
   </div>
   <div class='ocr_carea' id='block_1_7' title="bbox 294 3330 1019 3416">
    <p class='ocr_par' dir='ltr' id='par_1_11' title="bbox 294 3330 1019 3416">
     <span class='ocr_line' id='line_1_37' title="bbox 294 3330 1019 3416; baseline -0.001 -20"><span class='ocrx_word' id='word_1_203' title='bbox 294 3356 298 3365; x_wconf 61' lang='grc'><em>“</em></span> <span class='ocrx_word' id='word_1_204' title='bbox 330 3365 335 3379; x_wconf 89' lang='grc'>·</span> <span class='ocrx_word' id='word_1_205' title='bbox 358 3334 412 3396; x_wconf 89' lang='lat' dir='ltr'>Me</span> <span class='ocrx_word' id='word_1_206' title='bbox 428 3331 531 3394; x_wconf 84' lang='lat' dir='ltr'>matris</span> <span class='ocrx_word' id='word_1_207' title='bbox 546 3333 701 3416; x_wconf 87' lang='lat' dir='ltr'>amplexus</span> <span class='ocrx_word' id='word_1_208' title='bbox 715 3330 790 3396; x_wconf 85' lang='lat' dir='ltr'>senis</span> <span class='ocrx_word' id='word_1_209' title='bbox 809 3334 839 3398; x_wconf 78' lang='grc' dir='ltr'>δι</span> <span class='ocrx_word' id='word_1_210' title='bbox 856 3334 1019 3411; x_wconf 89' lang='lat' dir='ltr'>Avunculi,</span> 
     </span>
    </p>
   </div>
   <div class='ocr_carea' id='block_1_8' title="bbox 357 3416 1345 4458">
    <p class='ocr_par' dir='ltr' id='par_1_12' title="bbox 358 3416 1027 3529">
     <span class='ocr_line' id='line_1_38' title="bbox 358 3416 1027 3529; baseline 0.003 -45"><span class='ocrx_word' id='word_1_211' title='bbox 358 3420 527 3502; x_wconf 85' lang='lat' dir='ltr'>Nataleqpe</span> <span class='ocrx_word' id='word_1_212' title='bbox 540 3416 636 3484; x_wconf 84' lang='lat' dir='ltr'>solum</span> <span class='ocrx_word' id='word_1_213' title='bbox 647 3422 710 3502; x_wconf 88' lang='lat' dir='ltr'>jam</span> <span class='ocrx_word' id='word_1_214' title='bbox 716 3435 824 3529; x_wconf 83' lang='lat' dir='ltr'>petere</span> <span class='ocrx_word' id='word_1_215' title='bbox 838 3421 1027 3501; x_wconf 82' lang='lat' dir='ltr'>silicernium,</span> 
     </span>
    </p>

    <p class='ocr_par' dir='ltr' id='par_1_13' title="bbox 357 3505 885 3592">
     <span class='ocr_line' id='line_1_39' title="bbox 357 3505 885 3592; baseline 0.002 -21"><span class='ocrx_word' id='word_1_216' title='bbox 357 3509 474 3571; x_wconf 85' lang='lat' dir='ltr'>Privata</span> <span class='ocrx_word' id='word_1_217' title='bbox 489 3509 542 3572; x_wconf 90' lang='lat' dir='ltr'>ubi</span> <span class='ocrx_word' id='word_1_218' title='bbox 557 3509 588 3573; x_wconf 89' lang='lat' dir='ltr'>in</span> <span class='ocrx_word' id='word_1_219' title='bbox 603 3511 745 3592; x_wconf 80' lang='lat' dir='ltr'>paroecia,</span> <span class='ocrx_word' id='word_1_220' title='bbox 768 3505 885 3574; x_wconf 79' lang='lat' dir='ltr'>secessui</span> 
     </span>
    </p>

    <p class='ocr_par' dir='ltr' id='par_1_14' title="bbox 357 3597 974 3680">
     <span class='ocr_line' id='line_1_40' title="bbox 357 3597 974 3680; baseline -0.002 -19"><span class='ocrx_word' id='word_1_221' title='bbox 357 3597 459 3661; x_wconf 87' lang='lat' dir='ltr'>Litern</span> <span class='ocrx_word' id='word_1_222' title='bbox 477 3597 539 3677; x_wconf 87' lang='lat' dir='ltr'>piu,</span> <span class='ocrx_word' id='word_1_223' title='bbox 563 3599 689 3680; x_wconf 89' lang='lat' dir='ltr'>pacique</span> <span class='ocrx_word' id='word_1_224' title='bbox 702 3597 779 3662; x_wconf 87' lang='lat' dir='ltr'>mihi</span> <span class='ocrx_word' id='word_1_225' title='bbox 792 3597 974 3662; x_wconf 78' lang='lat' dir='ltr'>chariffimis.</span> 
     </span>
    </p>

    <p class='ocr_par' dir='ltr' id='par_1_15' title="bbox 357 3682 1080 3772">
     <span class='ocr_line' id='line_1_41' title="bbox 357 3682 1080 3772; baseline 0.004 -25"><span class='ocrx_word' id='word_1_226' title='bbox 357 3684 413 3747; x_wconf 88' lang='lat' dir='ltr'>llle</span> <span class='ocrx_word' id='word_1_227' title='bbox 430 3684 527 3760; x_wconf 89' lang='lat' dir='ltr'>instat,</span> <span class='ocrx_word' id='word_1_228' title='bbox 554 3700 701 3772; x_wconf 88' lang='lat' dir='ltr'>urgetque</span> <span class='ocrx_word' id='word_1_229' title='bbox 715 3683 780 3749; x_wconf 85' lang='lat' dir='ltr'>fore</span> <span class='ocrx_word' id='word_1_230' title='bbox 794 3689 944 3750; x_wconf 86' lang='lat' dir='ltr'>Dominus</span> <span class='ocrx_word' id='word_1_231' title='bbox 958 3701 994 3750; x_wconf 84' lang='lat' dir='ltr'>ut</span> <span class='ocrx_word' id='word_1_232' title='bbox 1010 3682 1080 3750; x_wconf 86' lang='lat' dir='ltr'>suus</span> 
     </span>
    </p>

    <p class='ocr_par' dir='ltr' id='par_1_16' title="bbox 358 3769 1174 3857">
     <span class='ocr_line' id='line_1_42' title="bbox 358 3769 1174 3857; baseline 0.006 -24"><span class='ocrx_word' id='word_1_233' title='bbox 358 3774 424 3834; x_wconf 83' lang='lat' dir='ltr'>Nee</span> <span class='ocrx_word' id='word_1_234' title='bbox 437 3772 511 3834; x_wconf 89' lang='lat' dir='ltr'>mihi</span> <span class='ocrx_word' id='word_1_235' title='bbox 524 3769 648 3850; x_wconf 80' lang='lat' dir='ltr'>faveret,</span> <span class='ocrx_word' id='word_1_236' title='bbox 671 3794 724 3836; x_wconf 91' lang='lat' dir='ltr'>nec</span> <span class='ocrx_word' id='word_1_237' title='bbox 744 3775 819 3837; x_wconf 86' lang='lat' dir='ltr'>meis</span> <span class='ocrx_word' id='word_1_238' title='bbox 839 3775 871 3837; x_wconf 92' lang='lat' dir='ltr'>in</span> <span class='ocrx_word' id='word_1_239' title='bbox 893 3772 1052 3857; x_wconf 83' lang='lat' dir='ltr'>posterum.</span> <span class='ocrx_word' id='word_1_240' title='bbox 1098 3777 1174 3850; x_wconf 91' lang='lat' dir='ltr'>Hoc,</span> 
     </span>
    </p>

    <p class='ocr_par' dir='ltr' id='par_1_17' title="bbox 358 3860 1294 3950">
     <span class='ocr_line' id='line_1_43' title="bbox 358 3860 1294 3950; baseline 0.003 -26"><span class='ocrx_word' id='word_1_241' title='bbox 358 3861 428 3924; x_wconf 87' lang='lat' dir='ltr'>Hoc</span> <span class='ocrx_word' id='word_1_242' title='bbox 438 3861 553 3945; x_wconf 87' lang='lat' dir='ltr'>vincor.</span> <span class='ocrx_word' id='word_1_243' title='bbox 599 3860 734 3926; x_wconf 87' lang='lat' dir='ltr'>Ochara</span> <span class='ocrx_word' id='word_1_244' title='bbox 754 3861 828 3925; x_wconf 91' lang='lat' dir='ltr'>mihi</span> <span class='ocrx_word' id='word_1_245' title='bbox 849 3862 995 3947; x_wconf 83' lang='lat' dir='ltr'>pignora!</span> <span class='ocrx_word' id='word_1_246' title='bbox 1043 3863 1155 3946; x_wconf 75' lang='lat' dir='ltr'>Quid?</span> <span class='ocrx_word' id='word_1_247' title='bbox 1193 3866 1294 3950; x_wconf 83' lang='lat' dir='ltr'>Egon’</span> 
     </span>
    </p>

    <p class='ocr_par' dir='ltr' id='par_1_18' title="bbox 360 3946 1112 4034">
     <span class='ocr_line' id='line_1_44' title="bbox 360 3946 1112 4034; baseline 0.003 -24"><span class='ocrx_word' id='word_1_248' title='bbox 360 3947 423 4010; x_wconf 91' lang='lat' dir='ltr'>Illis</span> <span class='ocrx_word' id='word_1_249' title='bbox 441 3963 476 4008; x_wconf 91' lang='lat' dir='ltr'>ut</span> <span class='ocrx_word' id='word_1_250' title='bbox 491 3946 596 4024; x_wconf 85' lang='lat' dir='ltr'>obfim‚</span> <span class='ocrx_word' id='word_1_251' title='bbox 619 3951 707 4031; x_wconf 88' lang='lat' dir='ltr'>queis</span> <span class='ocrx_word' id='word_1_252' title='bbox 727 3970 764 4012; x_wconf 91' lang='lat' dir='ltr'>ne</span> <span class='ocrx_word' id='word_1_253' title='bbox 784 3949 878 4013; x_wconf 86' lang='lat' dir='ltr'>homo</span> <span class='ocrx_word' id='word_1_254' title='bbox 891 3952 943 4014; x_wconf 84' lang='lat' dir='ltr'>vix</span> <span class='ocrx_word' id='word_1_255' title='bbox 958 3952 1112 4034; x_wconf 79' lang='lat' dir='ltr'>proderit?</span> 
     </span>
    </p>

    <p class='ocr_par' dir='ltr' id='par_1_19' title="bbox 359 4033 979 4120">
     <span class='ocr_line' id='line_1_45' title="bbox 359 4033 979 4120; baseline 0 -20"><span class='ocrx_word' id='word_1_256' title='bbox 359 4034 454 4120; x_wconf 79' lang='lat' dir='ltr'>Qud</span> <span class='ocrx_word' id='word_1_257' title='bbox 470 4033 556 4096; x_wconf 89' lang='lat' dir='ltr'>restat</span> <span class='ocrx_word' id='word_1_258' title='bbox 569 4038 663 4098; x_wconf 86' lang='lat' dir='ltr'>aetatis</span> <span class='ocrx_word' id='word_1_259' title='bbox 683 4034 794 4101; x_wconf 84' lang='lat' dir='ltr'>fittnrae</span> <span class='ocrx_word' id='word_1_260' title='bbox 817 4037 979 4104; x_wconf 85' lang='lat' dir='ltr'>breviculae</span> 
     </span>
    </p>

    <p class='ocr_par' dir='ltr' id='par_1_20' title="bbox 359 4123 999 4208">
     <span class='ocr_line' id='line_1_46' title="bbox 359 4123 999 4208; baseline 0.009 -23"><span class='ocrx_word' id='word_1_261' title='bbox 359 4125 422 4185; x_wconf 87' lang='lat' dir='ltr'>illis</span> <span class='ocrx_word' id='word_1_262' title='bbox 438 4123 577 4205; x_wconf 79' lang='lat' dir='ltr'>negabo?</span> <span class='ocrx_word' id='word_1_263' title='bbox 602 4125 756 4188; x_wconf 83' lang='lat' dir='ltr'>vicerint!</span> <span class='ocrx_word' id='word_1_264' title='bbox 780 4127 919 4208; x_wconf 88' lang='lat' dir='ltr'>Accipio.</span> <span class='ocrx_word' id='word_1_265' title='bbox 943 4130 999 4191; x_wconf 90' lang='grc' dir='ltr'>Εο.</span> 
     </span>
    </p>

    <p class='ocr_par' dir='ltr' id='par_1_21' title="bbox 359 4209 1108 4298">
     <span class='ocr_line' id='line_1_47' title="bbox 359 4209 1108 4298; baseline 0 -24"><span class='ocrx_word' id='word_1_266' title='bbox 359 4209 488 4291; x_wconf 84' lang='lat' dir='ltr'>Augusti</span> <span class='ocrx_word' id='word_1_267' title='bbox 503 4210 589 4274; x_wconf 91' lang='lat' dir='ltr'>initio</span> <span class='ocrx_word' id='word_1_268' title='bbox 611 4211 785 4278; x_wconf 89' lang='lat' dir='ltr'>Hiberniam</span> <span class='ocrx_word' id='word_1_269' title='bbox 803 4229 897 4298; x_wconf 85' lang='lat' dir='ltr'>peto;</span> <span class='ocrx_word' id='word_1_270' title='bbox 921 4216 1036 4279; x_wconf 84' lang='lat' dir='ltr'>Literas</span> <span class='ocrx_word' id='word_1_271' title='bbox 1097 4261 1108 4274; x_wconf 81' lang='lat'><em>.</em></span> 
     </span>
    </p>

    <p class='ocr_par' dir='ltr' id='par_1_22' title="bbox 360 4297 1345 4458">
     <span class='ocr_line' id='line_1_48' title="bbox 360 4297 1221 4390; baseline 0.009 -29"><span class='ocrx_word' id='word_1_272' title='bbox 360 4297 487 4384; x_wconf 72' lang='lat' dir='ltr'>Naeius,</span> <span class='ocrx_word' id='word_1_273' title='bbox 512 4299 686 4365; x_wconf 82' lang='lat' dir='ltr'>Callelliam.</span> <span class='ocrx_word' id='word_1_274' title='bbox 709 4305 890 4390; x_wconf 83' lang='lat' dir='ltr'>inauguror.</span> <span class='ocrx_word' id='word_1_275' title='bbox 915 4303 1000 4390; x_wconf 79' lang='lat' dir='ltr'>Qid</span> <span class='ocrx_word' id='word_1_276' title='bbox 1023 4304 1134 4390; x_wconf 82' lang='lat' dir='ltr'>egerim</span> <span class='ocrx_word' id='word_1_277' title='bbox 1219 4362 1221 4369; x_wconf 80' lang='grc'>,</span> 
     </span>
     <span class='ocr_line' id='line_1_49' title="bbox 663 4389 1345 4458; baseline 0.016 -13"><span class='ocrx_word' id='word_1_278' title='bbox 663 4394 696 4445; x_wconf 77' lang='grc'>.’</span> <span class='ocrx_word' id='word_1_279' title='bbox 1213 4389 1345 4458; x_wconf 78' lang='lat' dir='ltr'>Paffusve</span> 
     </span>
    </p>
   </div>
   <div class='ocr_carea' id='block_1_9' title="bbox 0 0 1488 4884">
    <p class='ocr_par' dir='ltr' id='par_1_23' title="bbox 0 0 1488 4884">
     <span class='ocr_line' id='line_1_50' title="bbox 0 0 1488 4884; baseline 0 0"><span class='ocrx_word' id='word_1_280' title='bbox 0 0 1488 4884; x_wconf 95' lang='lat' dir='ltr'> </span> 
     </span>
    </p>
   </div>
  </div>
 </body>
</html>
