2942 4884
422 160 514 252 2'2

972 177 1033 262 J-.
1129 174 1625 253 LELANDI
1712 174 2403 274 ANTIQUARIJ

668 312 822 378 fert:
875 318 918 348 “
949 313 1029 394 Et
1048 313 1175 392 jam
1229 326 1363 373 tum
1391 310 1663 394 profeeto
1714 308 1936 392 pess‘um
1974 312 2203 388 iss'ent,”
2253 314 2598 391 (Britannos
2630 313 2726 377 in·

671 401 908 483 telligit)
960 398 1143 461 “nisi
1172 397 1543 476 AmbrofiuS,
1591 397 1747 461 solus
1798 401 2212 463 Romanorum
2256 397 2560 483 supersteS,
2607 402 2724 483 qui

675 497 717 526 ‘⁴
750 487 881 571 post
903 486 1332 572 Vortigernum
1367 487 1687 548 monarcha
1715 484 1862 562 fuit,
1886 490 2054 570 regni
2086 487 2557 552 intumescenteis
2578 489 2724 552 bar*

675 585 718 612 “
754 579 930 639 baros
958 576 1180 638 eximia
1209 564 1470 637 bellicosi
1497 576 1732 636 Arturii
1775 588 1954 656 opera
1986 576 2281 658 preffiss‘et.
2376 579 2513 640 Huc
2541 576 2728 651 etiam

674 665 969 748 pertinere
1003 662 1283 724 videntur
1312 661 1458 737 haec,
1506 681 1647 744 quae
1669 664 1731 723 in
1751 661 1949 724 Gildae
1981 664 2248 726 Britanni
2277 661 2629 746 fragmentis
2646 662 2731 725 ad

673 756 839 816 hunc
869 753 1148 835 leguntur
1176 749 1430 812 modum
1456 774 1471 810 ε
1528 756 1566 786 “
1596 751 1766 812 Vires
1794 751 2096 833 capessunt
2128 748 2416 827 Britanni,
2466 751 2727 814 victores

678 848 721 876 “
751 852 1140 922 provocantes
1180 837 1256 898 ad
1304 838 1607 918 proelium,
1654 838 1877 919 quibus
1908 838 2170 914 victoria,
2217 841 2487 902 Domino
2534 859 2728 902 annu-

677 935 721 963 “
753 944 908 1003 ente,
930 947 1008 989 ex
1036 940 1182 988 voto
1207 924 1385 987 ceffit.
1455 929 1555 988 Ex
1576 945 1650 987 eo
1675 942 1939 1028 tempore
1964 947 2121 989 nunc
2144 927 2321 1002 civeS,
2346 947 2507 992 nunc
2530 925 2732 990 hostes

596 1051 600 1055 -
680 1023 722 1051 ‘⁸
754 1015 1088 1089 vincebant,
1122 1014 1268 1076 utin
1295 1009 1400 1076 ista
1428 1026 1604 1097 gente
1632 1015 1997 1096 experiretur
2022 1015 2323 1078 Dominus
2352 1012 2528 1079 solito
2556 1035 2731 1078 more

370 1895 482 1952 101.
507 1915 553 1961 ς.
577 1915 622 1947 a.

681 1110 726 1139 ‘⁴
756 1099 1103 1185 praesentem
1121 1094 1460 1176 Israhelem,
1494 1116 1703 1163 utrum
1723 1121 1862 1164 eum
1873 1102 2115 1205 diligat,
2163 1124 2239 1165 an
2264 1123 2402 1180 non,
2440 1098 2630 1186 usque
2652 1100 2733 1163 ad

680 1199 725 1229 “
754 1210 982 1254 annum
1021 1185 1358 1252 obseffionis
1389 1189 1674 1251 Badonici
1704 1191 1941 1262 montiS,
1974 1189 2398 1272 novissimeque
2427 1187 2617 1254 ferme
2656 1189 2738 1251 de

682 1285 728 1316 ‘⁴
756 1277 1046 1341 furciferis
1069 1297 1193 1339 non
1221 1279 1486 1338 minimae
1531 1275 1757 1361 stragiS,
1805 1280 1912 1360 qui
1946 1277 2004 1339 &
2040 1297 2185 1340 meae
2230 1278 2550 1340 nativitatis
2579 1276 2691 1341 est.
2699 1281 2737 1307 '²

681 1369 824 1430 Haec
855 1366 975 1429 ille.
1065 1368 1220 1427 Ecce
1251 1363 1413 1428 adest
1439 1349 1856 1441 calumniator,
1905 1366 1965 1426 8c
2008 1363 2308 1428 feroculus
2351 1387 2386 1426 a
2429 1386 2524 1428 me
2551 1363 2741 1426 ratio·

685 1475 826 1518 nem
851 1454 1057 1537 exigit,
1107 1472 1215 1516 cur
1244 1451 1456 1514 Gildas
1488 1453 1743 1526 Arturii,
1790 1451 1834 1514 fi
1868 1468 1997 1514 tum
2034 1452 2176 1528 fuit,
2228 1452 2329 1516 hic
2367 1473 2493 1515 non
2523 1453 2737 1516 memi-

687 1544 894 1604 nerit?
949 1541 1053 1602 Ad
1089 1541 1217 1603 haec
1249 1537 1596 1624 responden,
1643 1560 1739 1602 me
1783 1537 2027 1602 inferius
2057 1541 2133 1606 de
2172 1539 2357 1605 Gilda
2396 1540 2738 1603 diciurum.

689 1634 919 1692 Interea
975 1629 1313 1690 meminerit
1373 1625 1753 1703 adversariuS,
1823 1628 2065 1691 Gildam
2126 1645 2393 1711 tempore
2444 1628 2743 1691 Badonici

689 1717 833 1780 belli
866 1713 1226 1779 infantulum
1261 1713 1463 1777 fuisse:
1509 1734 1636 1796 quo
1664 1717 1906 1778 nomine
1935 1717 1993 1777 &
2018 1717 2141 1796 ejus
2172 1737 2262 1778 res
2288 1713 2465 1799 gestae
2487 1733 2593 1778 aut
2618 1736 2743 1778 non

693 1806 771 1867 ab
795 1825 887 1878 e0,
935 1818 1042 1865 aut
1068 1804 1277 1866 leviter
1305 1803 1634 1867 admodum
1663 1803 1994 1867 intellectae.
2085 1804 2427 1866 Gulielmus
2483 1806 2515 1865 a
2559 1803 2747 1864 Meil-

694 1893 908 1973 dulphi
937 1890 1103 1953 curia
1134 1891 1336 1974 paullo
1365 1888 1631 1972 superius·
1657 1890 1737 1952 ita
1766 1891 2163 1954 honorificum
2202 1892 2460 1954 contulit
2484 1891 2746 1953 Arturio

696 1980 1124 2052 testimonium,
1173 1994 1240 2041 ut
1271 1998 1482 2060 parurn
1508 1975 1788 2056 abfuerit,
1818 1980 1988 2062 quin,
2020 1979 2065 2040 si
2098 2000 2219 2043 non
2248 1976 2628 2061 superiorem,
2661 1994 2774 2039 ae-·

656 2144 660 2149 Ι
699 2067 939 2152 qualem
973 2087 1110 2129 cum
1148 2067 1472 2128 Ambrofio
1512 2065 1798 2129 statuerit.
1890 2069 2165 2133 Nennius
2206 2087 2368 2142 vero,
2417 2088 2537 2130 non
2568 2067 2749 2129 malae

669 2155 845 2221 fidei
889 2155 1120 2229 auctor,
1170 2169 1398 2217 tantum
1444 2153 1764 2234 praestitit
1749 2176 1811 2217 in
1848 2156 2103 2236 gratiam
2137 2153 2367 2216 Aurelii
2408 2149 2746 2230 Ambrosii,

698 2260 1000 2328 quantum
1021 2241 1268 2304 Gildas
1252 2264 1314 2303 in
1345 2243 1617 2302 Arturii:
1662 2262 1895 2322 nempe,
1928 2258 2016 2317 ut,
2050 2241 2207 2303 illius
2236 2241 2447 2304 omiffo
2476 2245 2757 2318 nornine,

605 2344 609 2348 ⁴
665 2371 671 2376 ·
700 2334 865 2407 huic,
913 2333 973 2392 &
995 2331 1230 2402 merit0,
1279 2329 1457 2392 decus
1487 2349 1666 2391 omne
1696 2330 1984 2392 Badonici
2021 2329 2197 2391 belli
2183 2346 2410 2413 integre
2432 2330 2752 2394 attribuat.

664 2456 670 2461 ·
704 2421 826 2484 Sed
851 2438 1046 2500 neque
1074 2416 1138 2478 hi
1179 2412 1286 2478 soli
1316 2417 1432 2478 hoc
1465 2414 1759 2497 praestant.
1813 2422 2155 2480 Numerus
2184 2416 2267 2480 est
2296 2420 2593 2480 bonorum
2640 2438 2754 2480 au-

658 2534 665 2540 ·
703 2507 960 2580 «storum,
1007 2506 1115 2586 qui
1151 2504 1310 2566 idem
1335 2503 1691 2566 aneioritate
1715 2507 1975 2588 quadam
2010 2503 2163 2585 justa
2188 2505 2593 2570 confirmant.
2637 2505 2755 2567 nifi

664 2634 669 2640 ·
703 2595 949 2658 interim
979 2608 1097 2653 tam
1122 2594 1365 2673 iniquus
1389 2591 1461 2653 fit
1494 2589 1715 2668 censor,
1765 2609 1832 2656 ut
1857 2594 2002 2656 nihil
2032 2592 2326 2667 admittat,
2359 2595 2756 2676 quantumvis

706 2681 906 2756 fidele,
954 2679 1123 2762 quod
1153 2699 1274 2740 non
1303 2675 1482 2762 spiret
1512 2683 1987 2757 Ciceronianuin,
2034 2698 2140 2743 aut
2168 2680 2506 2754 Livianum,
2555 2700 2759 2762 quum

552 2791 562 2803 ¹
660 2807 666 2812 -
706 2767 829 2852 ipse
858 2771 1056 2851 potius
1087 2768 1330 2829 interim
1379 2763 1560 2849 spiret
1598 2767 1786 2831 nescio
1825 2770 1976 2851 quid
2023 2770 2433 2842 AEinilianum,
2480 2767 2540 2828 id
2580 2768 2760 2849 quod

708 2858 862 2920 mihi
884 2877 1002 2918 non
1025 2852 1374 2937 displicebit,
1429 2855 1534 2916 ubi
1558 2877 1693 2918 eum
1723 2858 1880 2918 hoc'
1868 2876 2124 2940 ingenue
2164 2853 2333 2919 fateri
2373 2855 2757 2918 intellexerO.

708 2949 945 3006 Interea
965 2943 1225 3004 recitabo
1255 2941 1514 3020 JoanniS,
1540 2947 1645 3025 qui
1672 2965 1906 3007 auream
1940 2944 2162 3026 scripsit
2182 2942 2501 3018 historiam,
2528 2943 2605 3004 de
2636 2944 2759 3003 Ar-

711 3033 873 3092 turio
902 3028 1303 3091 testimonium
1325 3055 1342 3090 ε
1399 3037 1441 3064 “
1473 3033 1607 3094 Hoc
1647 3052 1804 3094 anno
1843 3033 2075 3094 decimo
2097 3031 2371 3106 Cerdicii,
2418 3032 2574 3112 regis
2601 3029 2762 3093 vifi-

713 3127 760 3158 “
791 3116 1106 3203 saxonum,
1151 3112 1400 3181 surrexit
1428 3120 1587 3201 apud
1608 3122 1873 3182 Britones
1894 3120 2179 3183 Asturius
2200 3119 2508 3203 belliger.’'

1230 3310 1502 3382 Arturii
1536 3316 1604 3385 in
1640 3311 1865 3384 Gallos
1906 3309 2238 3407 expeditio·
2265 3302 2272 3325 ¹

1494 3472 1639 3531 RI
1654 3472 1858 3533 TAN
1873 3465 1968 3531 NI
1988 3472 2037 3531 C
2055 3473 2132 3530 AE
2178 3465 2432 3545 liistoriae
2460 3464 2611 3528 liber
2632 3461 2767 3529 sex·

1578 3575 1674 3619 tus
1702 3554 1829 3619 fuse
1858 3557 2126 3638 loquitur
2157 3556 2233 3618 de
2260 3555 2435 3616 rebus
2465 3554 2542 3616 ab
2572 3557 2768 3615 Artu-

1583 3646 1671 3709 rio
1693 3646 1756 3706 in
1784 3645 1980 3706 Gallia
2004 3642 2216 3728 gestis:
2263 3663 2451 3725 quam
2478 3663 2600 3703 nou
2624 3656 2773 3703 ante

1584 3736 1777 3815 petiit,
1796 3753 1977 3814 quam
1998 3748 2252 3802 mature,
2275 3747 2345 3792 ut
2367 3748 2493 3792 tum
2517 3728 2771 3811 quidem

1433 3876 1453 3888 t
1585 3822 1913 3894 videbatur,
1938 3819 2179 3882 confilio
2196 3819 2523 3882 Britanniae
2546 3821 2775 3879 immu-

1381 3908 1433 3956 Π·
1501 3981 1505 3988 ¹
1588 3910 1762 3970 nitati
1786 3906 2187 3990 prospexerat.
2208 3907 2419 3968 Eratei
2434 3925 2617 3986 nepos
2630 3902 2773 3985 qui·

1594 3997 1729 4060 dam
1764 3996 2120 4057 Mordredus
2151 3994 2409 4067 nomine,
2459 3993 2617 4054 filius
2642 3994 2774 4052 Lo-

1599 4085 1813 4155 thoniS,
1832 4084 2141 4146 Pictorum
2165 4083 2342 4169 regiS,
2361 4083 2419 4143 &
2438 4084 2650 4150 Annae,
2681 4077 2777 4140 so-

1596 4174 1744 4234 roris
1764 4172 1993 4233 Aurelii
2018 4169 2337 4242 Ambrosii,
2366 4170 2519 4251 regis
2538 4169 2779 4228 Britan-

1590 4262 1722 4326 niae.
1814 4261 1994 4334 Huic,
2041 4260 2183 4342 quia
2213 4259 2267 4321 ei
2296 4253 2575 4342 sanguine
2606 4257 2661 4313 &
2687 4251 2776 4314 fa-

2432 4342 2779 4408 miliaritate
