2942 4884
480 197 788 290 JOA‘NN'IS
823 197 1166 276 MLAN'DI'

337 343 377 410 tle
391 343 595 432 antiquissimis
620 343 740 421 tabulia
763 361 839 428 quas
852 365 911 430 ego
925 336 1021 426 nuper
1035 345 1067 409 in
1082 331 1226 410 Gambria
1239 335 1302 410 vidi
1316 353 1371 425 coe

336 432 450 498 lumnis
466 432 654 516 templorum
678 433 806 509 adfixas,
839 433 904 496 hac
925 435 1029 496 eadem
1059 454 1121 496 una
1142 453 1215 498 curn
1242 435 1372 498 Giraldo

336 519 521 598 Cambrensr,
532 522 597 585 viro
609 519 673 606 post
687 521 845 585 hominum
860 523 1033 586 memoriam
1044 516 1223 588 Britannicae
1235 525 1370 605 antiqui*

337 609 408 672 tatis
433 605 522 694 longe
545 607 730 693 peritiffimo,
754 607 942 676 testantibus.
986 610 1101 674 Possem
1125 609 1178 673 hic
1197 611 1230 673 ·&
1243 608 1370 674 illorum

337 695 507 760 testimonia
515 697 553 761 de
567 699 692 762 Artnrio
706 690 774 760 satis
788 692 914 762 illustria
923 695 1052 774 adferre,
1068 698 1123 782 qui
1137 693 1211 760 ritas
1225 690 1366 762 sandiiffi⁴
1467 710 1468 721 ¹

335 803 457 848 morum
470 767 679 868 episcoporum
693 785 723 849 ἃ
736 782 958 869 monachorum
971 785 1133 850 Britannia
1149 785 1236 849 editis
1248 788 1367 849 Latinis

335 865 419 938 libris
433 871 597 957 posteritati
611 869 867 950 consecraverunt,
889 874 946 938 nisi
967 873 1005 936 ad
1020 875 1146 937 certiora
1159 894 1364 957 properarem

380 962 528 1024 Henricus
542 957 695 1037 secundus,
719 981 773 1026 rex
786 964 915 1046 Angliae,
938 960 970 1026 in
985 960 1094 1026 tabulis
1108 960 1280 1024 donationis
1294 959 1366 1038 suar,
1467 1008 1468 1023 .

336 1048 451 1130 quibus
465 1045 622 1114 subscribit
645 1050 778 1132 antiquis
793 1040 1046 1134 Glelloburgtnlis
1064 1047 1231 1112 monasterii
1245 1049 1367 1132 privile-

223 1213 226 1222 Ι
335 1136 405 1221 giis,
429 1134 516 1220 plane
538 1136 690 1214 adfirmat,
712 1135 742 1200 se
763 1136 864 1202 vidisse
877 1133 1217 1206 Arturiidonationem.
1263 1135 1365 1213 Unde,

334 1219 406 1306 quae
420 1244 488 1286 mea
507 1219 549 1288 est
562 1223 744 1305 conjediura,
768 1225 833 1288 fieri
848 1225 957 1308 potuit,
973 1241 1017 1302 ut,
1040 1218 1103 1290 viso
1116 1240 1179 1290 tam
1192 1225 1367 1289 venerandas
1467 1218 1468 1267 ἶ

205 1303 209 1322 '
276 1383 278 1388 ¹
335 1309 525 1396 antiquitatis
539 1307 739 1388 mo'nimento,
762 1312 819 1378 srbi
832 1313 918 1388 illud,
935 1328 1080 1396 tanquam
1092 1327 1137 1376 ter
1148 1307 1273 1378 maximi
1283 1309 1365 1396 prin·
1467 1372 1468 1377 ,

336 1399 411 1483 cipis
426 1399 526 1464 nobile
540 1400 660 1484 pignus,
683 1398 851 1476 sonaverit,
873 1399 1034 1485 posteaque
1049 1399 1303 1465 westmonasterii
1317 1403 1364 1470 in·
1467 1473 1468 1478 .

335 1501 383 1550 ter
397 1501 510 1591 veteres
532 1507 638 1572 regum
654 1484 813 1593 ‘the-sauros
833 1486 971 1575 posuerit
1019 1487 1076 1552 Sed
1090 1509 1129 1552 ao
1143 1490 1184 1550 ita
1197 1490 1236 1552 ab
1250 1488 1305 1552 illo
1319 1485 1365 1551 fa·
1441 1559 1446 1564 ,

315 1571 1366 1748 ’ῗζιῖἷιίζ“ῗιᾞῒιῗῗῖἒὲἒῗὲῗῖἒὲῑέζῗέιὲἓῗῖῃῗῗῗὲἲέἆὲἰέἶῗὲ
1467 1738 1468 1743 Ν

335 1750 376 1813 tis
391 1750 529 1834 reliquias
544 1753 583 1815 ab
598 1749 959 1815 westmonasteriensrbus
970 1749 1101 1836 religiose
1112 1749 1232 1815 servari.
1253 1754 1365 1835 Neque
1467 1750 1469 1759 ’

334 1837 465 1924 dubium
492 1836 545 1916 est,
579 1835 655 1922 quin
683 1839 757 1903 olim
777 1839 914 1924 impressa
935 1839 987 1904 illa
1011 1855 1078 1904 cera·
1102 1840 1191 1905 alicui
1216 1836 1366 1922 inscripta
1467 1890 1468 1909 2

333 1925 519 1993 membrana
533 1947 649 1992 annexa
662 1925 763 2004 fauerit,
787 1949 879 2010 quam
904 1925 1003 2012 postea
1027 1929 1103 1991 edax
1117 1925 1301 2012 consumpsit
1314 1947 1365 1992 ca·
1467 1970 1468 2007 ι

334 2015 404 2079 ries.
436 2017 539 2100 Qare
554 2035 591 2078 ne
602 2016 765 2100 aliquando
778 2017 808 2078 aa
822 2015 942 2080 massam
957 2036 1071 2080 ceream
1086 2015 1173 2078 fimili
1189 2030 1366 2098 corrumpat
1467 2016 1468 2063 f

332 2101 485 2176 uiolentia,
499 2123 552 2166 nos
567 2105 632 2186 ejus
647 2123 719 2168 cum
733 2101 955 2187 inscriptionem
967 2119 1033 2167 tum
1042 2104 1170 2188 figuram
1185 2103 1225 2166 ab
1239 2105 1364 2166 interitu

333 2188 561 2255 vindicabimus.
607 2191 677 2255 Haec
691 2193 784 2276 igitur
808 2189 825 2254 ὲ
850 2195 995 2255 Romanis
1018 2193 1113 2254 literis
1134 2189 1299 2274 majusculis
1317 2191 1363 2256 esi

208 2354 235 2372 ,-
333 2275 513 2362 inscriptio:
567 2297 801 2344 rauarcrvs
854 2299 1054 2344 narrata
1100 2298 1362 2343 narrantum

335 2375 510 2430 GALLIAE
537 2383 777 2430 crannum
803 2383 942 2430 nacta
967 2384 1252 2431 rurnnauon.
1274 2367 1364 2453 Quid
1465 2364 1469 2373 ’

333 2467 435 2516 autem
451 2453 505 2516 srbi
520 2453 591 2518 velit
604 2451 756 2536 inscriptio
770 2453 843 2517 alias
863 2454 984 2518 abunde
1005 2453 1171 2518 declarabo.
1219 2459 1364 2519 Tantum
1467 2524 1468 2531 χ

333 2539 367 2602 in
390 2537 543 2624 praesentia
567 2540 710 2605 lediorem
738 2540 897 2618 admoneo,
934 2540 1022 2606 aliam
1050 2541 1107 2606 esse
1135 2539 1361 2626 inscriptionem
1467 2548 1468 2615 j

303 2623 537 2714 ‘Glesloburgi
561 2630 591 2692 in
605 2650 666 2712 qua
680 2649 740 2702 non
754 2632 897 2704 Arturus,
920 2630 971 2694 sed
991 2631 1144 2706 Artorius,
1166 2631 1196 2693 bc
1210 2633 1363 2714 meoqui·
1417 2678 1422 2696 ,
1467 2664 1468 2667 ¹

333 2715 404 2779 dem
424 2717 540 2798 judicio
559 2715 680 2793 reillus,
703 2717 824 2802 legitur.
868 2719 978 2802 Figura
1000 2718 1087 2802 figilli
1109 2717 1283 2782 orbicularis
1297 2717 1360 2781 esta·

333 2807 456 2868 materia
469 2825 541 2869 vero
554 2826 620 2868 cera
635 2805 734 2883 rubra,
758 2825 828 2890 quae
852 2807 1003 2882 violentia,
1025 2803 1073 2869 vel
1094 2806 1202 2888 injuria
1215 2805 1314 2889 aliqua
1327 2808 1362 2869 in
1467 2814 1468 2835 ²

333 2887 427 2954 frusta
451 2893 569 2977 aliquot
592 2892 775 2956 comminuta
794 2893 847 2970 esi,
871 2892 911 2957 src
934 2911 1034 2958 tamen
1060 2909 1096 2956 ut
1118 2893 1363 2977 particulanulla

335 2977 529 3044 desideretur.
575 2981 657 3044 Nam
679 2982 720 3044 ita
743 2976 826 3045 arsie
847 2979 1124 3066 circuloargenteo
1138 2981 1362 3066 constringitur,
1467 2998 1468 3065 j

334 3082 371 3130 ut
390 3067 469 3133 reste
481 3069 631 3132 cohaereat
650 3068 730 3132 orbis
749 3069 864 3154 alioqui
878 3067 1044 3133 diffradius.
1090 3073 1185 3133 Porro
1201 3090 1262 3132 una
1286 3085 1363 3132 cerae

333 3151 425 3219 facies
439 3173 565 3239 argento
580 3171 641 3220 tota
656 3157 830 3222 obducitur.
866 3157 955 3220 Unde
970 3159 1105 3220 adducor
1119 3172 1151 3218 ut
1166 3157 1297 3232 credam,
1313 3156 1359 3220 ni⁴
1467 3172 1468 3249 ᾗ

332 3242 377 3306 hil
402 3243 522 3328 prorsus
546 3244 595 3308 vel
618 3243 815 3328 inscriptionis
840 3245 887 3308 vel
908 3244 1053 3329 impressae
1066 3247 1213 3329 ‚imaginis
1237 3242 1358 3309 subesse.

333 3329 437 3394 Altera
451 3331 580 3416 effigiem
603 3331 694 3396 refert
717 3332 809 3416 ipsus
830 3335 947 3396 Arturii
962 3336 1047 3414 plane
1062 3331 1226 3396 heroicam.
1265 3333 1362 3396 -Sedet
1467 3328 1468 3343 ¹

333 3422 445 3483 etenim
460 3421 552 3505 regali
567 3420 690 3484 indutus
707 3441 842 3504 purpura
856 3418 943 3505 super
956 3419 1181 3496 semicirculum,
1196 3419 1292 3502 qualis
1305 3441 1362 3484 no·
1467 3428 1468 3453 ¹

332 3506 378 3572 bis
392 3525 513 3594 apparet
526 3508 645 3591 pluvius
660 3529 758 3572 arcus.
794 3509 900 3591 Capite
914 3529 1054 3572 coronam
1069 3501 1173 3592 gestat,
1189 3508 1361 3592 dextraque

329 3592 491 3680 sceptrum,
507 3591 558 3658 lilii
574 3613 749 3660 ornamento
763 3591 888 3682 infigne.
927 3601 1017 3661 Laera
1032 3614 1131 3658 autem
1148 3611 1229 3659 tenet
1244 3596 1361 3676 orbem,
1467 3658 1468 3679 χ

330 3705 363 3747 ιιι
388 3687 474 3767 cujus
496 3681 598 3746 medio
623 3705 699 3748 crux
721 3687 834 3748 eminet
860 3680 1019 3748 Christiani
1042 3683 1184 3768 principis
1204 3685 1361 3748 indicium.
1398 3710 1400 3713 ’
1467 3694 1468 3727 ³

329 3773 431 3836 Barba
457 3772 501 3836 illi
526 3772 674 3856 promissa,
711 3773 861 3836 &omnia
885 3773 1018 3855 corporis
1045 3773 1223 3836 lineamenta
1246 3787 1364 3836 tantam
1467 3786 1468 3855 l

329 3879 395 3942 prae
409 3857 439 3925 se
452 3857 578 3924 ferentia
592 3861 783 3944 dignitatem,
806 3877 842 3924 ut
864 3862 968 3925 oculos
991 3881 1073 3924 meos
1088 3857 1139 3922 sua
1153 3857 1301 3940 majestate
1314 3881 1361 3922 ra·
1467 3862 1468 3889 ¹

330 3949 465 4031 puerint,
489 3943 648 4031 raptosque
663 3949 790 4032 longum
813 3948 1001 4016 detinuerint.
1047 3944 1229 4029 Dispeream,
1255 3947 1360 4026 leiior,
1467 3942 1468 4009 ἶ

321 4033 389 4126 jpifi
403 4033 504 4102 vidisse
515 4036 605 4099 voles.
630 4038 724 4122 QOd
734 4056 815 4100 nunc
824 4035 934 4099 certius
945 4054 1168 4120 argumentum,
1181 4057 1274 4120 quam
1287 4037 1359 4113 hoc,
1467 4066 1468 4115 g

332 4143 397 4208 quo
409 4124 501 4188 modo
510 4123 710 4206 probavimus,
722 4126 880 4187 Arturium
892 4124 976 4186 soille
988 4131 999 4186 ἓ
1016 4127 1080 4187 Nos
1091 4142 1190 4186 tamen
1201 4143 1262 4191 non
1279 4125 1361 4205 prius
1467 4126 1468 4187 l

260 4247 277 4299 ,1
330 4213 494 4276 anchoram
509 4211 645 4296 figemur,
666 4231 759 4293 quam
772 4210 839 4287 alia,
852 4230 913 4274 non
926 4215 1119 4284 minuarerta,
1135 4209 1360 4276 ostenderimus.
1467 4212 1468 4289 Ϊ

237 4327 247 4363 x
373 4304 456 4365 Inter
469 4300 560 4363 adrias
575 4299 750 4362 Brathaniae
767 4318 860 4384 rupes
874 4300 957 4362 locus
975 4299 1028 4373 est,
1052 4318 1142 4382 quem
1165 4298 1288 4361 Cambri
1307 4295 1360 4381 pa·

194 4473 202 4494 ,.
330 4389 388 4465 tria
401 4390 503 4475 lingua
517 4387 641 4468 carhet,
664 4385 725 4456 sne
739 4389 808 4456 cur
820 4390 942 4469 Arrure,
961 4388 1126 4516 appellant,
1149 4387 1362 4540 qmdlffl}
