<?xml version="1.0" encoding="UTF-8"?>
<!DOCTYPE html PUBLIC "-//W3C//DTD XHTML 1.0 Transitional//EN"
    "http://www.w3.org/TR/xhtml1/DTD/xhtml1-transitional.dtd">
<html xmlns="http://www.w3.org/1999/xhtml" xml:lang="en" lang="en">
 <head>
  <title>
</title>
<meta http-equiv="Content-Type" content="text/html;charset=utf-8" />
  <meta name='ocr-system' content='tesseract 3.04.00' />
  <meta name='ocr-capabilities' content='ocr_page ocr_carea ocr_par ocr_line ocrx_word'/>
</head>
<body>
  <div class='ocr_page' id='page_1' title='image "./joannislelandia15lelagoog_0056.png"; bbox 0 0 2942 4884; ppageno 0'>
   <div class='ocr_carea' id='block_1_1' title="bbox 492 109 1214 244">
    <p class='ocr_par' dir='ltr' id='par_1_1' title="bbox 492 109 1214 244">
     <span class='ocr_line' id='line_1_1' title="bbox 492 109 1214 244; baseline -0.003 -20"><span class='ocrx_word' id='word_1_1' title='bbox 492 159 521 241; x_wconf 87' lang='lat' dir='ltr'>J.</span> <span class='ocrx_word' id='word_1_2' title='bbox 566 139 811 224; x_wconf 72' lang='lat' dir='ltr'>annuunt</span> <span class='ocrx_word' id='word_1_3' title='bbox 850 109 1214 244; x_wconf 69' lang='lat' dir='ltr'>xurtounrtrr&#39;</span> 
     </span>
    </p>
   </div>
   <div class='ocr_carea' id='block_1_2' title="bbox 296 289 1464 4392">
    <p class='ocr_par' dir='ltr' id='par_1_2' title="bbox 296 289 1464 4392">
     <span class='ocr_line' id='line_1_2' title="bbox 353 289 1388 373; baseline -0.002 -16"><span class='ocrx_word' id='word_1_4' title='bbox 353 293 421 357; x_wconf 84' lang='lat' dir='ltr'>tatis</span> <span class='ocrx_word' id='word_1_5' title='bbox 433 292 628 357; x_wconf 73' lang='lat' dir='ltr'>dodiisstmus.</span> <span class='ocrx_word' id='word_1_6' title='bbox 674 296 703 354; x_wconf 77' lang='lat' dir='ltr'>le</span> <span class='ocrx_word' id='word_1_7' title='bbox 714 291 816 354; x_wconf 88' lang='lat' dir='ltr'>landes</span> <span class='ocrx_word' id='word_1_8' title='bbox 827 289 975 373; x_wconf 75' lang='lat' dir='ltr'>&amp;inclyta</span> <span class='ocrx_word' id='word_1_9' title='bbox 981 293 1098 356; x_wconf 90' lang='lat' dir='ltr'>Arturii</span> <span class='ocrx_word' id='word_1_10' title='bbox 1110 291 1199 368; x_wconf 71' lang='lat' dir='ltr'>saeta,</span> <span class='ocrx_word' id='word_1_11' title='bbox 1216 292 1388 356; x_wconf 82' lang='lat' dir='ltr'>Heuricum</span> 
     </span>
     <span class='ocr_line' id='line_1_3' title="bbox 353 377 1387 455; baseline -0.001 -13"><span class='ocrx_word' id='word_1_12' title='bbox 353 382 501 446; x_wconf 75' lang='lat' dir='ltr'>vidiorem</span> <span class='ocrx_word' id='word_1_13' title='bbox 517 381 654 444; x_wconf 85' lang='lat' dir='ltr'>futurum</span> <span class='ocrx_word' id='word_1_14' title='bbox 670 399 741 442; x_wconf 88' lang='lat' dir='ltr'>cum</span> <span class='ocrx_word' id='word_1_15' title='bbox 762 399 800 441; x_wconf 89' lang='lat' dir='ltr'>co</span> <span class='ocrx_word' id='word_1_16' title='bbox 822 379 925 440; x_wconf 83' lang='lat' dir='ltr'>multis</span> <span class='ocrx_word' id='word_1_17' title='bbox 951 382 1122 442; x_wconf 86' lang='lat' dir='ltr'>nominibus</span> <span class='ocrx_word' id='word_1_18' title='bbox 1149 377 1317 455; x_wconf 82' lang='lat' dir='ltr'>conferens,</span> <span class='ocrx_word' id='word_1_19' title='bbox 1342 382 1387 442; x_wconf 80' lang='lat' dir='ltr'>ita</span> 
     </span>
     <span class='ocr_line' id='line_1_4' title="bbox 353 465 1385 554; baseline -0.002 -22"><span class='ocrx_word' id='word_1_20' title='bbox 353 471 470 543; x_wconf 85' lang='lat' dir='ltr'>cecinit,</span> <span class='ocrx_word' id='word_1_21' title='bbox 491 486 526 532; x_wconf 91' lang='lat' dir='ltr'>ut</span> <span class='ocrx_word' id='word_1_22' title='bbox 542 489 627 534; x_wconf 85' lang='lat' dir='ltr'>antes</span> <span class='ocrx_word' id='word_1_23' title='bbox 642 470 719 554; x_wconf 80' lang='lat' dir='ltr'>regis</span> <span class='ocrx_word' id='word_1_24' title='bbox 735 465 859 548; x_wconf 88' lang='lat' dir='ltr'>mirifice</span> <span class='ocrx_word' id='word_1_25' title='bbox 882 467 913 528; x_wconf 74' lang='lat' dir='ltr'>dr</span> <span class='ocrx_word' id='word_1_26' title='bbox 934 467 1126 541; x_wconf 83' lang='lat' dir='ltr'>demulceret,</span> <span class='ocrx_word' id='word_1_27' title='bbox 1155 469 1185 529; x_wconf 74' lang='lat'>81</span> <span class='ocrx_word' id='word_1_28' title='bbox 1207 467 1385 530; x_wconf 78' lang='lat' dir='ltr'>delectaret.</span> 
     </span>
     <span class='ocr_line' id='line_1_5' title="bbox 354 552 1386 642; baseline -0.001 -24"><span class='ocrx_word' id='word_1_29' title='bbox 354 563 428 642; x_wconf 82' lang='lat' dir='ltr'>Qo</span> <span class='ocrx_word' id='word_1_30' title='bbox 442 559 534 619; x_wconf 80' lang='lat' dir='ltr'>etiam</span> <span class='ocrx_word' id='word_1_31' title='bbox 550 571 683 640; x_wconf 85' lang='lat' dir='ltr'>tempore</span> <span class='ocrx_word' id='word_1_32' title='bbox 697 575 750 618; x_wconf 85' lang='lat' dir='ltr'>tex</span> <span class='ocrx_word' id='word_1_33' title='bbox 764 555 822 617; x_wconf 93' lang='lat' dir='ltr'>hoc</span> <span class='ocrx_word' id='word_1_34' title='bbox 839 557 988 638; x_wconf 88' lang='lat' dir='ltr'>pr&#39;aecipue</span> <span class='ocrx_word' id='word_1_35' title='bbox 1000 555 1015 617; x_wconf 70' lang='lat' dir='ltr'>i</span> <span class='ocrx_word' id='word_1_36' title='bbox 1027 558 1127 618; x_wconf 84' lang='lat' dir='ltr'>Bardo</span> <span class='ocrx_word' id='word_1_37' title='bbox 1140 554 1264 631; x_wconf 82' lang='lat' dir='ltr'>dedicit,</span> <span class='ocrx_word' id='word_1_38' title='bbox 1287 552 1386 635; x_wconf 90' lang='lat' dir='ltr'>sepul·</span> 
     </span>
     <span class='ocr_line' id='line_1_6' title="bbox 356 641 1396 722; baseline -0.003 -16"><span class='ocrx_word' id='word_1_39' title='bbox 356 661 421 706; x_wconf 85' lang='lat' dir='ltr'>turn</span> <span class='ocrx_word' id='word_1_40' title='bbox 437 641 521 708; x_wconf 76' lang='lat' dir='ltr'>sitisse</span> <span class='ocrx_word' id='word_1_41' title='bbox 543 645 700 706; x_wconf 76' lang='lat' dir='ltr'>Antonium</span> <span class='ocrx_word' id='word_1_42' title='bbox 721 644 877 722; x_wconf 82' lang='lat' dir='ltr'>Avalouiae</span> <span class='ocrx_word' id='word_1_43' title='bbox 903 645 934 704; x_wconf 93' lang='lat' dir='ltr'>in</span> <span class='ocrx_word' id='word_1_44' title='bbox 959 642 1039 704; x_wconf 85' lang='lat' dir='ltr'>sacro</span> <span class='ocrx_word' id='word_1_45' title='bbox 1067 645 1248 707; x_wconf 86' lang='lat' dir='ltr'>coemeterio.</span> <span class='ocrx_word' id='word_1_46' title='bbox 1292 642 1396 704; x_wconf 74' lang='lat' dir='ltr'>Unde</span> 
     </span>
     <span class='ocr_line' id='line_1_7' title="bbox 337 727 1388 812; baseline -0.003 -18"><span class='ocrx_word' id='word_1_47' title='bbox 337 755 339 772; x_wconf 70' lang='lat'><em>¹</em></span> <span class='ocrx_word' id='word_1_48' title='bbox 354 731 623 795; x_wconf 77' lang='lat' dir='ltr'>munificentissime</span> <span class='ocrx_word' id='word_1_49' title='bbox 637 731 753 792; x_wconf 87' lang='lat' dir='ltr'>dimisso</span> <span class='ocrx_word' id='word_1_50' title='bbox 772 732 881 804; x_wconf 82' lang='lat' dir='ltr'>Bardo,</span> <span class='ocrx_word' id='word_1_51' title='bbox 908 727 982 791; x_wconf 87' lang='lat' dir='ltr'>tauri</span> <span class='ocrx_word' id='word_1_52' title='bbox 996 733 1183 794; x_wconf 89' lang='lat' dir='ltr'>monumenti</span> <span class='ocrx_word' id='word_1_53' title='bbox 1197 732 1304 805; x_wconf 90' lang='lat' dir='ltr'>indice,</span> <span class='ocrx_word' id='word_1_54' title='bbox 1322 731 1388 812; x_wconf 84' lang='lat' dir='ltr'>egit</span> 
     </span>
     <span class='ocr_line' id='line_1_8' title="bbox 354 816 1386 901; baseline -0.002 -19"><span class='ocrx_word' id='word_1_55' title='bbox 354 841 425 882; x_wconf 84' lang='lat' dir='ltr'>curn</span> <span class='ocrx_word' id='word_1_56' title='bbox 441 819 569 882; x_wconf 87' lang='lat' dir='ltr'>Heirrico</span> <span class='ocrx_word' id='word_1_57' title='bbox 584 816 719 893; x_wconf 84' lang='lat' dir='ltr'>Blesens1‚</span> <span class='ocrx_word' id='word_1_58' title='bbox 744 818 815 880; x_wconf 84' lang='lat' dir='ltr'>alias</span> <span class='ocrx_word' id='word_1_59' title='bbox 835 816 1004 890; x_wconf 81' lang='lat' dir='ltr'>Soliaceusr,</span> <span class='ocrx_word' id='word_1_60' title='bbox 1027 835 1136 901; x_wconf 86' lang='lat' dir='ltr'>nepote</span> <span class='ocrx_word' id='word_1_61' title='bbox 1148 817 1211 894; x_wconf 92' lang='lat' dir='ltr'>suo,</span> <span class='ocrx_word' id='word_1_62' title='bbox 1235 819 1386 900; x_wconf 87' lang='lat' dir='ltr'>quitum,</span> 
     </span>
     <span class='ocr_line' id='line_1_9' title="bbox 354 903 1409 988; baseline -0.003 -19"><span class='ocrx_word' id='word_1_63' title='bbox 354 923 408 969; x_wconf 85' lang='lat' dir='ltr'>aut</span> <span class='ocrx_word' id='word_1_64' title='bbox 430 907 532 988; x_wconf 89' lang='lat' dir='ltr'>paullo</span> <span class='ocrx_word' id='word_1_65' title='bbox 557 905 620 988; x_wconf 91' lang='lat' dir='ltr'>post</span> <span class='ocrx_word' id='word_1_66' title='bbox 649 928 687 968; x_wconf 87' lang='lat' dir='ltr'>ex</span> <span class='ocrx_word' id='word_1_67' title='bbox 713 907 820 968; x_wconf 77' lang='lat' dir='ltr'>abbate</span> <span class='ocrx_word' id='word_1_68' title='bbox 845 905 1071 969; x_wconf 83' lang='lat' dir='ltr'>Bermundinnae</span> <span class='ocrx_word' id='word_1_69' title='bbox 1096 903 1205 971; x_wconf 77' lang='lat' dir='ltr'>insulae.</span> <span class='ocrx_word' id='word_1_70' title='bbox 1222 903 1409 968; x_wconf 68' lang='lat' dir='ltr'>Praesesltts·</span> 
     </span>
     <span class='ocr_line' id='line_1_10' title="bbox 356 990 1387 1078; baseline -0.003 -20"><span class='ocrx_word' id='word_1_71' title='bbox 356 995 610 1078; x_wconf 85' lang='lat' dir='ltr'>Glesloburgensrs</span> <span class='ocrx_word' id='word_1_72' title='bbox 626 994 795 1075; x_wconf 75' lang='lat' dir='ltr'>designatus</span> <span class='ocrx_word' id='word_1_73' title='bbox 810 990 862 1066; x_wconf 84' lang='lat' dir='ltr'>est,</span> <span class='ocrx_word' id='word_1_74' title='bbox 885 1009 920 1053; x_wconf 89' lang='lat' dir='ltr'>ut</span> <span class='ocrx_word' id='word_1_75' title='bbox 932 994 1086 1075; x_wconf 79' lang='lat' dir='ltr'>diligentia</span> <span class='ocrx_word' id='word_1_76' title='bbox 1100 993 1328 1077; x_wconf 82' lang='lat' dir='ltr'>exquisitissima</span> <span class='ocrx_word' id='word_1_77' title='bbox 1341 992 1387 1055; x_wconf 91' lang='lat' dir='ltr'>se·</span> 
     </span>
     <span class='ocr_line' id='line_1_11' title="bbox 357 1079 1389 1168; baseline -0.002 -25"><span class='ocrx_word' id='word_1_78' title='bbox 357 1082 520 1168; x_wconf 85' lang='lat' dir='ltr'>pulchrum</span> <span class='ocrx_word' id='word_1_79' title='bbox 546 1085 575 1144; x_wconf 92' lang='lat' dir='ltr'>in</span> <span class='ocrx_word' id='word_1_80' title='bbox 591 1081 672 1164; x_wconf 90' lang='lat' dir='ltr'>septo</span> <span class='ocrx_word' id='word_1_81' title='bbox 692 1079 951 1160; x_wconf 28' lang='lat' dir='ltr'>sacri&#39;coemeterii</span> <span class='ocrx_word' id='word_1_82' title='bbox 974 1081 1167 1163; x_wconf 76' lang='lat' dir='ltr'>perquireret.</span> <span class='ocrx_word' id='word_1_83' title='bbox 1214 1085 1389 1145; x_wconf 89' lang='lat' dir='ltr'>Teutatum</span> 
     </span>
     <span class='ocr_line' id='line_1_12' title="bbox 358 1167 1389 1255; baseline -0.003 -22"><span class='ocrx_word' id='word_1_84' title='bbox 358 1170 399 1233; x_wconf 88' lang='lat' dir='ltr'>est</span> <span class='ocrx_word' id='word_1_85' title='bbox 415 1172 581 1255; x_wconf 72' lang='lat' dir='ltr'>aliquoties,</span> <span class='ocrx_word' id='word_1_86' title='bbox 605 1170 634 1232; x_wconf 76' lang='grc' dir='ltr'>ἂ</span> <span class='ocrx_word' id='word_1_87' title='bbox 658 1169 776 1230; x_wconf 80' lang='lat' dir='ltr'>tandem</span> <span class='ocrx_word' id='word_1_88' title='bbox 800 1170 907 1250; x_wconf 83' lang='lat' dir='ltr'>magna</span> <span class='ocrx_word' id='word_1_89' title='bbox 928 1167 1102 1231; x_wconf 87' lang='lat' dir='ltr'>difficultate</span> <span class='ocrx_word' id='word_1_90' title='bbox 1123 1172 1289 1243; x_wconf 90' lang='lat' dir='ltr'>inventum,</span> <span class='ocrx_word' id='word_1_91' title='bbox 1312 1168 1389 1230; x_wconf 92' lang='lat' dir='ltr'>ulti·</span> 
     </span>
     <span class='ocr_line' id='line_1_13' title="bbox 345 1254 1389 1340; baseline -0.006 -18"><span class='ocrx_word' id='word_1_92' title='bbox 345 1262 423 1332; x_wconf 78' lang='lat' dir='ltr'>mis,</span> <span class='ocrx_word' id='word_1_93' title='bbox 448 1279 481 1320; x_wconf 87' lang='lat' dir='ltr'>ut</span> <span class='ocrx_word' id='word_1_94' title='bbox 496 1257 620 1340; x_wconf 88' lang='lat' dir='ltr'>qnidam</span> <span class='ocrx_word' id='word_1_95' title='bbox 634 1257 752 1332; x_wconf 91' lang='lat' dir='ltr'>volunt,</span> <span class='ocrx_word' id='word_1_96' title='bbox 774 1257 858 1318; x_wconf 80' lang='lat' dir='ltr'>anuis</span> <span class='ocrx_word' id='word_1_97' title='bbox 873 1256 993 1330; x_wconf 87' lang='lat' dir='ltr'>Henrici</span> <span class='ocrx_word' id='word_1_98' title='bbox 1008 1254 1137 1332; x_wconf 86' lang='lat' dir='ltr'>secundi,</span> <span class='ocrx_word' id='word_1_99' title='bbox 1162 1258 1238 1340; x_wconf 84' lang='lat' dir='ltr'>regis</span> <span class='ocrx_word' id='word_1_100' title='bbox 1250 1254 1389 1340; x_wconf 87' lang='lat' dir='ltr'>Angliae,</span> 
     </span>
     <span class='ocr_line' id='line_1_14' title="bbox 345 1343 1389 1427; baseline -0.002 -19"><span class='ocrx_word' id='word_1_101' title='bbox 345 1361 392 1408; x_wconf 78' lang='lat' dir='ltr'>-ut</span> <span class='ocrx_word' id='word_1_102' title='bbox 418 1361 517 1408; x_wconf 85' lang='lat' dir='ltr'>antem</span> <span class='ocrx_word' id='word_1_103' title='bbox 539 1347 600 1412; x_wconf 78' lang='lat' dir='ltr'>alti.</span> <span class='ocrx_word' id='word_1_104' title='bbox 623 1344 734 1426; x_wconf 81' lang='lat' dir='ltr'>quibus</span> <span class='ocrx_word' id='word_1_105' title='bbox 748 1363 805 1426; x_wconf 84' lang='lat' dir='ltr'>ego</span> <span class='ocrx_word' id='word_1_106' title='bbox 835 1344 922 1405; x_wconf 87' lang='lat' dir='ltr'>facile</span> <span class='ocrx_word' id='word_1_107' title='bbox 940 1343 1070 1420; x_wconf 83' lang='lat' dir='ltr'>allentio,</span> <span class='ocrx_word' id='word_1_108' title='bbox 1095 1344 1244 1427; x_wconf 88' lang='lat' dir='ltr'>principio</span> <span class='ocrx_word' id='word_1_109' title='bbox 1266 1345 1389 1426; x_wconf 78' lang='lat' dir='ltr'>imperIi</span> 
     </span>
     <span class='ocr_line' id='line_1_15' title="bbox 358 1431 1464 1516; baseline -0.005 -20"><span class='ocrx_word' id='word_1_110' title='bbox 358 1435 501 1496; x_wconf 85' lang='lat' dir='ltr'>Richardi</span> <span class='ocrx_word' id='word_1_111' title='bbox 517 1434 615 1516; x_wconf 91' lang='lat' dir='ltr'>primi,</span> <span class='ocrx_word' id='word_1_112' title='bbox 638 1434 701 1511; x_wconf 81' lang='lat' dir='ltr'>ejus</span> <span class='ocrx_word' id='word_1_113' title='bbox 713 1431 781 1494; x_wconf 81' lang='lat' dir='ltr'>filii.</span> <span class='ocrx_word' id='word_1_114' title='bbox 826 1432 944 1492; x_wconf 80' lang='lat' dir='ltr'>Deltae</span> <span class='ocrx_word' id='word_1_115' title='bbox 965 1432 1160 1515; x_wconf 85' lang='lat' dir='ltr'>reliquiarum</span> <span class='ocrx_word' id='word_1_116' title='bbox 1173 1451 1244 1494; x_wconf 86' lang='lat' dir='ltr'>cum</span> <span class='ocrx_word' id='word_1_117' title='bbox 1260 1432 1388 1514; x_wconf 80' lang='lat' dir='ltr'>indaga·</span> <span class='ocrx_word' id='word_1_118' title='bbox 1463 1452 1464 1457; x_wconf 50' lang='lat'>¹</span> 
     </span>
     <span class='ocr_line' id='line_1_16' title="bbox 358 1517 1390 1612; baseline -0.003 -28"><span class='ocrx_word' id='word_1_119' title='bbox 358 1525 449 1596; x_wconf 84' lang='lat' dir='ltr'>tione,</span> <span class='ocrx_word' id='word_1_120' title='bbox 474 1537 541 1583; x_wconf 91' lang='lat' dir='ltr'>tum</span> <span class='ocrx_word' id='word_1_121' title='bbox 558 1521 726 1582; x_wconf 82' lang='lat' dir='ltr'>inventione</span> <span class='ocrx_word' id='word_1_122' title='bbox 740 1517 878 1612; x_wconf 85' lang='lat' dir='ltr'>scripsere</span> <span class='ocrx_word' id='word_1_123' title='bbox 892 1521 968 1581; x_wconf 85' lang='lat' dir='ltr'>inter</span> <span class='ocrx_word' id='word_1_124' title='bbox 980 1534 1095 1581; x_wconf 85' lang='lat' dir='ltr'>ceteros</span> <span class='ocrx_word' id='word_1_125' title='bbox 1110 1520 1223 1582; x_wconf 88' lang='lat' dir='ltr'>multos</span> <span class='ocrx_word' id='word_1_126' title='bbox 1234 1518 1296 1580; x_wconf 92' lang='lat' dir='ltr'>duo</span> <span class='ocrx_word' id='word_1_127' title='bbox 1308 1540 1390 1601; x_wconf 79' lang='lat' dir='ltr'>prae·</span> 
     </span>
     <span class='ocr_line' id='line_1_17' title="bbox 357 1603 1389 1690; baseline -0.002 -19"><span class='ocrx_word' id='word_1_128' title='bbox 357 1611 455 1690; x_wconf 88' lang='lat' dir='ltr'>cipue,</span> <span class='ocrx_word' id='word_1_129' title='bbox 479 1603 613 1690; x_wconf 79' lang='lat' dir='ltr'>quornm</span> <span class='ocrx_word' id='word_1_130' title='bbox 628 1627 706 1669; x_wconf 89' lang='lat' dir='ltr'>uuus</span> <span class='ocrx_word' id='word_1_131' title='bbox 721 1627 785 1670; x_wconf 83' lang='lat' dir='ltr'>erat</span> <span class='ocrx_word' id='word_1_132' title='bbox 803 1607 969 1670; x_wconf 87' lang='lat' dir='ltr'>monachus</span> <span class='ocrx_word' id='word_1_133' title='bbox 979 1607 1243 1690; x_wconf 84' lang='lat' dir='ltr'>Glessoburgcnfis,</span> <span class='ocrx_word' id='word_1_134' title='bbox 1267 1604 1317 1669; x_wconf 93' lang='lat' dir='ltr'>sed</span> <span class='ocrx_word' id='word_1_135' title='bbox 1331 1627 1389 1670; x_wconf 89' lang='lat' dir='ltr'>no·</span> 
     </span>
     <span class='ocr_line' id='line_1_18' title="bbox 357 1692 1390 1776; baseline -0.004 -14"><span class='ocrx_word' id='word_1_136' title='bbox 357 1701 438 1762; x_wconf 85' lang='lat' dir='ltr'>mine</span> <span class='ocrx_word' id='word_1_137' title='bbox 452 1698 526 1758; x_wconf 80' lang='lat' dir='ltr'>mihi</span> <span class='ocrx_word' id='word_1_138' title='bbox 541 1698 682 1776; x_wconf 80' lang='lat' dir='ltr'>ignotus:</span> <span class='ocrx_word' id='word_1_139' title='bbox 707 1693 781 1758; x_wconf 84' lang='lat' dir='ltr'>ulrct</span> <span class='ocrx_word' id='word_1_140' title='bbox 792 1715 862 1756; x_wconf 88' lang='lat' dir='ltr'>vero</span> <span class='ocrx_word' id='word_1_141' title='bbox 877 1692 1020 1776; x_wconf 84' lang='lat' dir='ltr'>Sylvestet</span> <span class='ocrx_word' id='word_1_142' title='bbox 1031 1695 1182 1760; x_wconf 83' lang='lat' dir='ltr'>Giraldut.</span> <span class='ocrx_word' id='word_1_143' title='bbox 1220 1695 1390 1758; x_wconf 81' lang='lat' dir='ltr'>ncceffisset</span> 
     </span>
     <span class='ocr_line' id='line_1_19' title="bbox 358 1777 1389 1870; baseline 0 -24"><span class='ocrx_word' id='word_1_144' title='bbox 358 1801 449 1870; x_wconf 85' lang='lat' dir='ltr'>porro</span> <span class='ocrx_word' id='word_1_145' title='bbox 464 1777 672 1846; x_wconf 77' lang='lat' dir='ltr'>&amp;Guilelmus</span> <span class='ocrx_word' id='word_1_146' title='bbox 687 1779 907 1858; x_wconf 85' lang='lat' dir='ltr'>Mcildunensrs,</span> <span class='ocrx_word' id='word_1_147' title='bbox 931 1780 1009 1843; x_wconf 88' lang='lat' dir='ltr'>testis</span> <span class='ocrx_word' id='word_1_148' title='bbox 1030 1784 1143 1844; x_wconf 87' lang='lat' dir='ltr'>tertius·</span> <span class='ocrx_word' id='word_1_149' title='bbox 1156 1779 1290 1866; x_wconf 86' lang='lat' dir='ltr'>utrisque</span> <span class='ocrx_word' id='word_1_150' title='bbox 1311 1804 1389 1846; x_wconf 91' lang='lat' dir='ltr'>cou-</span> 
     </span>
     <span class='ocr_line' id='line_1_20' title="bbox 359 1865 1388 1954; baseline -0.004 -18"><span class='ocrx_word' id='word_1_151' title='bbox 359 1871 514 1946; x_wconf 85' lang='lat' dir='ltr'>serendus,</span> <span class='ocrx_word' id='word_1_152' title='bbox 537 1870 590 1932; x_wconf 90' lang='lat' dir='ltr'>nili</span> <span class='ocrx_word' id='word_1_153' title='bbox 608 1891 686 1932; x_wconf 88' lang='lat' dir='ltr'>mors</span> <span class='ocrx_word' id='word_1_154' title='bbox 712 1891 781 1932; x_wconf 86' lang='lat' dir='ltr'>cum</span> <span class='ocrx_word' id='word_1_155' title='bbox 795 1871 833 1932; x_wconf 88' lang='lat' dir='ltr'>de</span> <span class='ocrx_word' id='word_1_156' title='bbox 856 1869 956 1932; x_wconf 86' lang='lat' dir='ltr'>medio</span> <span class='ocrx_word' id='word_1_157' title='bbox 978 1883 1045 1932; x_wconf 86' lang='lat' dir='ltr'>autc</span> <span class='ocrx_word' id='word_1_158' title='bbox 1067 1865 1267 1934; x_wconf 85' lang='lat' dir='ltr'>inventionem</span> <span class='ocrx_word' id='word_1_159' title='bbox 1289 1868 1388 1954; x_wconf 83' lang='lat' dir='ltr'>sepul·</span> 
     </span>
     <span class='ocr_line' id='line_1_21' title="bbox 358 1955 1406 2039; baseline -0.003 -16"><span class='ocrx_word' id='word_1_160' title='bbox 358 1961 424 2024; x_wconf 88' lang='lat' dir='ltr'>chri</span> <span class='ocrx_word' id='word_1_161' title='bbox 439 1959 532 2022; x_wconf 87' lang='lat' dir='ltr'>senem</span> <span class='ocrx_word' id='word_1_162' title='bbox 548 1955 718 2022; x_wconf 84' lang='lat' dir='ltr'>abstulisset.</span> <span class='ocrx_word' id='word_1_163' title='bbox 764 1961 882 2021; x_wconf 90' lang='lat' dir='ltr'>Horum</span> <span class='ocrx_word' id='word_1_164' title='bbox 897 1960 928 2021; x_wconf 93' lang='lat' dir='ltr'>in</span> <span class='ocrx_word' id='word_1_165' title='bbox 943 1955 1044 2039; x_wconf 84' lang='lat' dir='ltr'>primis</span> <span class='ocrx_word' id='word_1_166' title='bbox 1064 1955 1232 2022; x_wconf 83' lang='lat' dir='ltr'>testimonio</span> <span class='ocrx_word' id='word_1_167' title='bbox 1251 1972 1330 2035; x_wconf 86' lang='lat' dir='ltr'>utar,</span> <span class='ocrx_word' id='word_1_168' title='bbox 1355 1963 1406 2021; x_wconf 76' lang='lat' dir='ltr'>dc·</span> 
     </span>
     <span class='ocr_line' id='line_1_22' title="bbox 357 2043 1435 2135; baseline -0.001 -24"><span class='ocrx_word' id='word_1_169' title='bbox 357 2051 388 2111; x_wconf 90' lang='lat' dir='ltr'>in</span> <span class='ocrx_word' id='word_1_170' title='bbox 403 2043 554 2132; x_wconf 77' lang='lat' dir='ltr'>praeseutia</span> <span class='ocrx_word' id='word_1_171' title='bbox 570 2047 707 2110; x_wconf 84' lang='lat' dir='ltr'>monachi</span> <span class='ocrx_word' id='word_1_172' title='bbox 723 2044 863 2127; x_wconf 86' lang='lat' dir='ltr'>anonymi</span> <span class='ocrx_word' id='word_1_173' title='bbox 877 2044 968 2106; x_wconf 87' lang='lat' dir='ltr'>verba</span> <span class='ocrx_word' id='word_1_174' title='bbox 980 2044 1040 2108; x_wconf 90' lang='lat' dir='ltr'>huc</span> <span class='ocrx_word' id='word_1_175' title='bbox 1053 2044 1218 2108; x_wconf 82' lang='lat' dir='ltr'>adducam:</span> <span class='ocrx_word' id='word_1_176' title='bbox 1253 2053 1276 2084; x_wconf 78' lang='lat'>‘¹</span> <span class='ocrx_word' id='word_1_177' title='bbox 1301 2050 1390 2110; x_wconf 89' lang='lat' dir='ltr'>Con·</span> <span class='ocrx_word' id='word_1_178' title='bbox 1430 2123 1435 2135; x_wconf 32' lang='grc' dir='ltr'><em>Ι</em></span> 
     </span>
     <span class='ocr_line' id='line_1_23' title="bbox 326 2131 1389 2217; baseline 0 -20"><span class='ocrx_word' id='word_1_179' title='bbox 326 2141 329 2156; x_wconf 66' lang='lat'><em>¹</em></span> <span class='ocrx_word' id='word_1_180' title='bbox 357 2143 379 2172; x_wconf 80' lang='lat'>‘⁶</span> <span class='ocrx_word' id='word_1_181' title='bbox 403 2137 483 2197; x_wconf 86' lang='lat' dir='ltr'>ditus</span> <span class='ocrx_word' id='word_1_182' title='bbox 499 2137 549 2197; x_wconf 88' lang='lat' dir='ltr'>hle</span> <span class='ocrx_word' id='word_1_183' title='bbox 560 2134 619 2196; x_wconf 89' lang='lat' dir='ltr'>suit</span> <span class='ocrx_word' id='word_1_184' title='bbox 632 2155 684 2197; x_wconf 91' lang='lat' dir='ltr'>rex</span> <span class='ocrx_word' id='word_1_185' title='bbox 699 2136 849 2208; x_wconf 72' lang='lat' dir='ltr'>Amulius,</span> <span class='ocrx_word' id='word_1_186' title='bbox 873 2132 946 2194; x_wconf 76' lang='lat' dir='ltr'>sicut</span> <span class='ocrx_word' id='word_1_187' title='bbox 962 2152 1014 2216; x_wconf 88' lang='lat' dir='ltr'>per</span> <span class='ocrx_word' id='word_1_188' title='bbox 1037 2153 1137 2217; x_wconf 84' lang='lat' dir='ltr'>regern</span> <span class='ocrx_word' id='word_1_189' title='bbox 1156 2133 1321 2196; x_wconf 87' lang='lat' dir='ltr'>Henricum</span> <span class='ocrx_word' id='word_1_190' title='bbox 1342 2131 1389 2198; x_wconf 87' lang='lat' dir='ltr'>se·</span> 
     </span>
     <span class='ocr_line' id='line_1_24' title="bbox 358 2219 1390 2304; baseline -0.002 -19"><span class='ocrx_word' id='word_1_191' title='bbox 358 2232 379 2262; x_wconf 90' lang='lat'><strong>“</strong></span> <span class='ocrx_word' id='word_1_192' title='bbox 401 2225 532 2285; x_wconf 89' lang='lat' dir='ltr'>cundum</span> <span class='ocrx_word' id='word_1_193' title='bbox 555 2222 646 2283; x_wconf 85' lang='lat' dir='ltr'>abbas</span> <span class='ocrx_word' id='word_1_194' title='bbox 662 2224 808 2284; x_wconf 86' lang='lat' dir='ltr'>Henricus</span> <span class='ocrx_word' id='word_1_195' title='bbox 823 2220 975 2296; x_wconf 78' lang='lat' dir='ltr'>didicerat,</span> <span class='ocrx_word' id='word_1_196' title='bbox 998 2222 1082 2301; x_wconf 79' lang='lat' dir='ltr'>cujus</span> <span class='ocrx_word' id='word_1_197' title='bbox 1096 2219 1332 2304; x_wconf 82' lang='lat' dir='ltr'>consanguineus</span> <span class='ocrx_word' id='word_1_198' title='bbox 1355 2223 1390 2284; x_wconf 67' lang='grc' dir='ltr'>ἃ</span> 
     </span>
     <span class='ocr_line' id='line_1_25' title="bbox 346 2307 1388 2392; baseline 0 -20"><span class='ocrx_word' id='word_1_199' title='bbox 346 2319 380 2348; x_wconf 83' lang='grc'>’“</span> <span class='ocrx_word' id='word_1_200' title='bbox 403 2312 519 2372; x_wconf 90' lang='lat' dir='ltr'>dudum</span> <span class='ocrx_word' id='word_1_201' title='bbox 530 2307 680 2371; x_wconf 85' lang='lat' dir='ltr'>familiaris</span> <span class='ocrx_word' id='word_1_202' title='bbox 695 2307 857 2372; x_wconf 85' lang='lat' dir='ltr'>exstiterat.</span> <span class='ocrx_word' id='word_1_203' title='bbox 872 2314 880 2327; x_wconf 72' lang='lat'>⁸</span> <span class='ocrx_word' id='word_1_204' title='bbox 902 2311 970 2370; x_wconf 87' lang='lat' dir='ltr'>Rex</span> <span class='ocrx_word' id='word_1_205' title='bbox 984 2323 1083 2370; x_wconf 84' lang='lat' dir='ltr'>autem</span> <span class='ocrx_word' id='word_1_206' title='bbox 1097 2310 1155 2372; x_wconf 89' lang='lat' dir='ltr'>hoc</span> <span class='ocrx_word' id='word_1_207' title='bbox 1169 2329 1208 2371; x_wconf 89' lang='lat' dir='ltr'>ex</span> <span class='ocrx_word' id='word_1_208' title='bbox 1218 2307 1306 2392; x_wconf 86' lang='lat' dir='ltr'>gestis</span> <span class='ocrx_word' id='word_1_209' title='bbox 1318 2312 1388 2372; x_wconf 91' lang='lat' dir='ltr'>Bri-</span> 
     </span>
     <span class='ocr_line' id='line_1_26' title="bbox 346 2394 1389 2479; baseline 0.001 -20"><span class='ocrx_word' id='word_1_210' title='bbox 346 2407 381 2437; x_wconf 89' lang='lat'>·“</span> <span class='ocrx_word' id='word_1_211' title='bbox 404 2416 520 2470; x_wconf 88' lang='lat' dir='ltr'>tonum,</span> <span class='ocrx_word' id='word_1_212' title='bbox 541 2399 570 2457; x_wconf 87' lang='lat'>&amp;</span> <span class='ocrx_word' id='word_1_213' title='bbox 595 2415 699 2457; x_wconf 87' lang='lat' dir='ltr'>eorum</span> <span class='ocrx_word' id='word_1_214' title='bbox 721 2397 892 2458; x_wconf 86' lang='lat' dir='ltr'>cantoribus</span> <span class='ocrx_word' id='word_1_215' title='bbox 908 2394 1052 2458; x_wconf 85' lang='lat' dir='ltr'>historicis</span> <span class='ocrx_word' id='word_1_216' title='bbox 1067 2394 1389 2479; x_wconf 70' lang='lat' dir='ltr'>frequenter‘audive·</span> 
     </span>
     <span class='ocr_line' id='line_1_27' title="bbox 345 2474 1390 2564; baseline 0.002 -16"><span class='ocrx_word' id='word_1_217' title='bbox 345 2491 383 2526; x_wconf 73' lang='lat'>&#39;“</span> <span class='ocrx_word' id='word_1_218' title='bbox 406 2501 461 2559; x_wconf 91' lang='lat' dir='ltr'>rat,</span> <span class='ocrx_word' id='word_1_219' title='bbox 485 2483 645 2548; x_wconf 87' lang='lat' dir='ltr'>Artutium</span> <span class='ocrx_word' id='word_1_220' title='bbox 658 2474 806 2564; x_wconf 81' lang='lat' dir='ltr'>sepultum</span> <span class='ocrx_word' id='word_1_221' title='bbox 820 2481 904 2544; x_wconf 78' lang='lat' dir='ltr'>fuisse</span> <span class='ocrx_word' id='word_1_222' title='bbox 921 2484 1010 2562; x_wconf 84' lang='lat' dir='ltr'>juxta</span> <span class='ocrx_word' id='word_1_223' title='bbox 1027 2483 1170 2546; x_wconf 86' lang='lat' dir='ltr'>vctullam</span> <span class='ocrx_word' id='word_1_224' title='bbox 1184 2484 1338 2547; x_wconf 76' lang='lat' dir='ltr'>ecclesiam</span> <span class='ocrx_word' id='word_1_225' title='bbox 1354 2488 1390 2550; x_wconf 87' lang='lat' dir='ltr'>iu</span> 
     </span>
     <span class='ocr_line' id='line_1_28' title="bbox 345 2571 1389 2654; baseline 0.001 -19"><span class='ocrx_word' id='word_1_226' title='bbox 345 2582 384 2612; x_wconf 87' lang='lat'>·“</span> <span class='ocrx_word' id='word_1_227' title='bbox 406 2571 487 2639; x_wconf 79' lang='lat' dir='ltr'>sucro</span> <span class='ocrx_word' id='word_1_228' title='bbox 508 2571 682 2634; x_wconf 85' lang='lat' dir='ltr'>coemeterio</span> <span class='ocrx_word' id='word_1_229' title='bbox 697 2574 774 2632; x_wconf 87' lang='lat' dir='ltr'>inter</span> <span class='ocrx_word' id='word_1_230' title='bbox 791 2571 865 2632; x_wconf 86' lang='lat' dir='ltr'>duas</span> <span class='ocrx_word' id='word_1_231' title='bbox 885 2571 1053 2652; x_wconf 85' lang='lat' dir='ltr'>pyramides</span> <span class='ocrx_word' id='word_1_232' title='bbox 1060 2572 1223 2654; x_wconf 83' lang='lat' dir='ltr'>quondam</span> <span class='ocrx_word' id='word_1_233' title='bbox 1241 2571 1389 2636; x_wconf 89' lang='lat' dir='ltr'>nobiliter</span> 
     </span>
     <span class='ocr_line' id='line_1_29' title="bbox 358 2659 1390 2742; baseline 0.001 -19"><span class='ocrx_word' id='word_1_234' title='bbox 358 2669 380 2698; x_wconf 85' lang='lat'><strong>“</strong></span> <span class='ocrx_word' id='word_1_235' title='bbox 403 2659 529 2742; x_wconf 83' lang='lat' dir='ltr'>sculptas</span> <span class='ocrx_word' id='word_1_236' title='bbox 545 2681 578 2720; x_wconf 86' lang='lat' dir='ltr'>ac</span> <span class='ocrx_word' id='word_1_237' title='bbox 601 2660 631 2720; x_wconf 90' lang='lat' dir='ltr'>in</span> <span class='ocrx_word' id='word_1_238' title='bbox 645 2659 707 2738; x_wconf 87' lang='lat' dir='ltr'>ejus</span> <span class='ocrx_word' id='word_1_239' title='bbox 732 2660 915 2732; x_wconf 80' lang='lat' dir='ltr'>memoriam,</span> <span class='ocrx_word' id='word_1_240' title='bbox 939 2675 975 2720; x_wconf 87' lang='lat' dir='ltr'>ut</span> <span class='ocrx_word' id='word_1_241' title='bbox 999 2659 1119 2734; x_wconf 91' lang='lat' dir='ltr'>dicitur,</span> <span class='ocrx_word' id='word_1_242' title='bbox 1142 2660 1266 2722; x_wconf 73' lang='lat' dir='ltr'>credits.</span> <span class='ocrx_word' id='word_1_243' title='bbox 1312 2661 1390 2724; x_wconf 85' lang='lat' dir='ltr'>Fuit</span> 
     </span>
     <span class='ocr_line' id='line_1_30' title="bbox 355 2743 1388 2831; baseline 0.001 -21"><span class='ocrx_word' id='word_1_244' title='bbox 355 2754 378 2786; x_wconf 87' lang='lat'><strong>“</strong></span> <span class='ocrx_word' id='word_1_245' title='bbox 402 2761 501 2810; x_wconf 84' lang='lat' dir='ltr'>&#39;autern</span> <span class='ocrx_word' id='word_1_246' title='bbox 514 2767 568 2809; x_wconf 87' lang='lat' dir='ltr'>rex</span> <span class='ocrx_word' id='word_1_247' title='bbox 578 2748 720 2813; x_wconf 86' lang='lat' dir='ltr'>Arturius</span> <span class='ocrx_word' id='word_1_248' title='bbox 731 2744 962 2828; x_wconf 81' lang='lat' dir='ltr'>sepultusvalde</span> <span class='ocrx_word' id='word_1_249' title='bbox 972 2743 1122 2829; x_wconf 84' lang='lat' dir='ltr'>profunde</span> <span class='ocrx_word' id='word_1_250' title='bbox 1133 2762 1254 2831; x_wconf 89' lang='lat' dir='ltr'>propter</span> <span class='ocrx_word' id='word_1_251' title='bbox 1264 2763 1388 2812; x_wconf 85' lang='lat' dir='ltr'>metum</span> 
     </span>
     <span class='ocr_line' id='line_1_31' title="bbox 358 2831 1389 2918; baseline 0 -20"><span class='ocrx_word' id='word_1_252' title='bbox 358 2845 380 2874; x_wconf 88' lang='lat'><strong>“</strong></span> <span class='ocrx_word' id='word_1_253' title='bbox 405 2841 568 2907; x_wconf 82' lang='lat' dir='ltr'>Saxonum,</span> <span class='ocrx_word' id='word_1_254' title='bbox 592 2853 669 2916; x_wconf 86' lang='lat' dir='ltr'>quos</span> <span class='ocrx_word' id='word_1_255' title='bbox 683 2831 743 2915; x_wconf 87' lang='lat' dir='ltr'>ipse</span> <span class='ocrx_word' id='word_1_256' title='bbox 759 2832 932 2916; x_wconf 86' lang='lat' dir='ltr'>frequenter</span> <span class='ocrx_word' id='word_1_257' title='bbox 952 2850 1184 2916; x_wconf 80' lang='lat' dir='ltr'>expugnaverat,</span> <span class='ocrx_word' id='word_1_258' title='bbox 1207 2837 1237 2896; x_wconf 88' lang='lat' dir='ltr'>8c</span> <span class='ocrx_word' id='word_1_259' title='bbox 1251 2855 1330 2918; x_wconf 89' lang='lat' dir='ltr'>quos</span> <span class='ocrx_word' id='word_1_260' title='bbox 1346 2835 1389 2898; x_wconf 85' lang='lat' dir='ltr'>ab</span> 
     </span>
     <span class='ocr_line' id='line_1_32' title="bbox 359 2918 1388 3004; baseline 0 -20"><span class='ocrx_word' id='word_1_261' title='bbox 359 2930 382 2960; x_wconf 75' lang='lat'>‘⁴</span> <span class='ocrx_word' id='word_1_262' title='bbox 405 2920 498 2984; x_wconf 89' lang='lat' dir='ltr'>insula</span> <span class='ocrx_word' id='word_1_263' title='bbox 511 2923 680 2984; x_wconf 78' lang='lat' dir='ltr'>Britannica</span> <span class='ocrx_word' id='word_1_264' title='bbox 691 2918 808 3004; x_wconf 89' lang='lat' dir='ltr'>prorsus</span> <span class='ocrx_word' id='word_1_265' title='bbox 823 2923 956 3001; x_wconf 85' lang='lat' dir='ltr'>ejecerat,</span> <span class='ocrx_word' id='word_1_266' title='bbox 978 2920 1095 3003; x_wconf 80' lang='lat' dir='ltr'>&amp;qnos</span> <span class='ocrx_word' id='word_1_267' title='bbox 1109 2921 1299 2998; x_wconf 88' lang='lat' dir='ltr'>Mordrcdus,</span> <span class='ocrx_word' id='word_1_268' title='bbox 1316 2924 1388 3004; x_wconf 77' lang='lat' dir='ltr'>ejus</span> 
     </span>
     <span class='ocr_line' id='line_1_33' title="bbox 333 3005 1388 3093; baseline 0.001 -21"><span class='ocrx_word' id='word_1_269' title='bbox 333 3025 334 3028; x_wconf 74' lang='grc'>’</span> <span class='ocrx_word' id='word_1_270' title='bbox 362 3017 385 3046; x_wconf 83' lang='grc'><strong>“</strong></span> <span class='ocrx_word' id='word_1_271' title='bbox 407 3030 500 3093; x_wconf 84' lang='lat' dir='ltr'>nepos</span> <span class='ocrx_word' id='word_1_272' title='bbox 521 3008 667 3091; x_wconf 77' lang='lat' dir='ltr'>pellimus,</span> <span class='ocrx_word' id='word_1_273' title='bbox 696 3022 799 3070; x_wconf 83' lang='lat' dir='ltr'>contra</span> <span class='ocrx_word' id='word_1_274' title='bbox 825 3005 923 3090; x_wconf 90' lang='lat' dir='ltr'>ipsum</span> <span class='ocrx_word' id='word_1_275' title='bbox 944 3009 1041 3091; x_wconf 86' lang='lat' dir='ltr'>primo</span> <span class='ocrx_word' id='word_1_276' title='bbox 1061 3025 1258 3086; x_wconf 86' lang='lat' dir='ltr'>revocaverat,</span> <span class='ocrx_word' id='word_1_277' title='bbox 1295 3031 1333 3073; x_wconf 91' lang='lat' dir='ltr'>ne</span> <span class='ocrx_word' id='word_1_278' title='bbox 1354 3012 1388 3073; x_wconf 82' lang='lat' dir='ltr'>iu</span> 
     </span>
     <span class='ocr_line' id='line_1_34' title="bbox 296 3094 1464 3182; baseline 0.002 -24"><span class='ocrx_word' id='word_1_279' title='bbox 296 3103 299 3106; x_wconf 83' lang='lat'>&#39;</span> <span class='ocrx_word' id='word_1_280' title='bbox 360 3105 384 3136; x_wconf 80' lang='lat'>‘⁶</span> <span class='ocrx_word' id='word_1_281' title='bbox 406 3103 558 3159; x_wconf 87' lang='lat' dir='ltr'>mortuum</span> <span class='ocrx_word' id='word_1_282' title='bbox 572 3097 659 3160; x_wconf 87' lang='lat' dir='ltr'>etiam</span> <span class='ocrx_word' id='word_1_283' title='bbox 671 3094 796 3158; x_wconf 87' lang='lat' dir='ltr'>vindicis</span> <span class='ocrx_word' id='word_1_284' title='bbox 811 3097 900 3156; x_wconf 88' lang='lat' dir='ltr'>animi</span> <span class='ocrx_word' id='word_1_285' title='bbox 917 3096 991 3157; x_wconf 88' lang='lat' dir='ltr'>vitio</span> <span class='ocrx_word' id='word_1_286' title='bbox 1009 3094 1194 3171; x_wconf 76' lang='lat' dir='ltr'>desaevirent,</span> <span class='ocrx_word' id='word_1_287' title='bbox 1216 3099 1270 3182; x_wconf 93' lang='lat' dir='ltr'>qui</span> <span class='ocrx_word' id='word_1_288' title='bbox 1286 3113 1387 3160; x_wconf 85' lang='lat' dir='ltr'>totam</span> <span class='ocrx_word' id='word_1_289' title='bbox 1463 3166 1464 3171; x_wconf 9' lang='grc' dir='ltr'>η</span> 
     </span>
     <span class='ocr_line' id='line_1_35' title="bbox 361 3174 1464 3267; baseline 0.004 -23"><span class='ocrx_word' id='word_1_290' title='bbox 361 3193 382 3222; x_wconf 84' lang='grc'><strong>“</strong></span> <span class='ocrx_word' id='word_1_291' title='bbox 400 3187 462 3266; x_wconf 72' lang='lat' dir='ltr'>jum</span> <span class='ocrx_word' id='word_1_292' title='bbox 479 3183 601 3247; x_wconf 85' lang='lat' dir='ltr'>insulam</span> <span class='ocrx_word' id='word_1_293' title='bbox 620 3181 825 3266; x_wconf 84' lang='lat' dir='ltr'>postmortem</span> <span class='ocrx_word' id='word_1_294' title='bbox 847 3182 939 3263; x_wconf 86' lang='lat' dir='ltr'>ipsrus</span> <span class='ocrx_word' id='word_1_295' title='bbox 964 3184 1071 3245; x_wconf 88' lang='lat' dir='ltr'>iterum</span> <span class='ocrx_word' id='word_1_296' title='bbox 1087 3204 1233 3267; x_wconf 84' lang='lat' dir='ltr'>occupare</span> <span class='ocrx_word' id='word_1_297' title='bbox 1256 3203 1388 3248; x_wconf 89' lang='lat' dir='ltr'>conteu-</span> <span class='ocrx_word' id='word_1_298' title='bbox 1463 3174 1464 3183; x_wconf 10' lang='grc' dir='ltr'>ἵ</span> 
     </span>
     <span class='ocr_line' id='line_1_36' title="bbox 359 3268 1387 3356; baseline 0.001 -23"><span class='ocrx_word' id='word_1_299' title='bbox 359 3281 381 3310; x_wconf 88' lang='grc'>“</span> <span class='ocrx_word' id='word_1_300' title='bbox 405 3274 529 3352; x_wconf 56' lang='lat' dir='ltr'>derant„</span> <span class='ocrx_word' id='word_1_301' title='bbox 566 3275 689 3351; x_wconf 87' lang='lat' dir='ltr'>Propter</span> <span class='ocrx_word' id='word_1_302' title='bbox 703 3269 833 3332; x_wconf 85' lang='lat' dir='ltr'>eundern</span> <span class='ocrx_word' id='word_1_303' title='bbox 847 3268 936 3332; x_wconf 79' lang='lat' dir='ltr'>etiam</span> <span class='ocrx_word' id='word_1_304' title='bbox 951 3285 1074 3344; x_wconf 87' lang='lat' dir='ltr'>metum,</span> <span class='ocrx_word' id='word_1_305' title='bbox 1098 3274 1129 3332; x_wconf 89' lang='lat' dir='ltr'>in</span> <span class='ocrx_word' id='word_1_306' title='bbox 1140 3272 1238 3353; x_wconf 77' lang='lat' dir='ltr'>lapide</span> <span class='ocrx_word' id='word_1_307' title='bbox 1249 3273 1387 3356; x_wconf 86' lang='lat' dir='ltr'>quodam</span> 
     </span>
     <span class='ocr_line' id='line_1_37' title="bbox 358 3355 1387 3444; baseline 0.003 -24"><span class='ocrx_word' id='word_1_308' title='bbox 358 3367 381 3398; x_wconf 83' lang='lat'><strong>“</strong></span> <span class='ocrx_word' id='word_1_309' title='bbox 403 3360 473 3431; x_wconf 83' lang='lat' dir='ltr'>lato,</span> <span class='ocrx_word' id='word_1_310' title='bbox 498 3374 638 3440; x_wconf 84' lang='lat' dir='ltr'>tanquam</span> <span class='ocrx_word' id='word_1_311' title='bbox 655 3358 691 3418; x_wconf 84' lang='lat' dir='ltr'>ad</span> <span class='ocrx_word' id='word_1_312' title='bbox 707 3355 905 3440; x_wconf 83' lang='lat' dir='ltr'>sepulchrum,</span> <span class='ocrx_word' id='word_1_313' title='bbox 927 3357 944 3417; x_wconf 71' lang='lat' dir='ltr'>a</span> <span class='ocrx_word' id='word_1_314' title='bbox 958 3355 1141 3420; x_wconf 77' lang='lat' dir='ltr'>fodientibus</span> <span class='ocrx_word' id='word_1_315' title='bbox 1158 3363 1287 3422; x_wconf 77' lang='lat' dir='ltr'>‘invento</span> <span class='ocrx_word' id='word_1_316' title='bbox 1300 3361 1387 3444; x_wconf 84' lang='lat' dir='ltr'>quast</span> 
     </span>
     <span class='ocr_line' id='line_1_38' title="bbox 345 3443 1386 3531; baseline 0.002 -23"><span class='ocrx_word' id='word_1_317' title='bbox 345 3451 384 3483; x_wconf 70' lang='lat'>&#39;⁴‘</span> <span class='ocrx_word' id='word_1_318' title='bbox 409 3446 518 3531; x_wconf 87' lang='lat' dir='ltr'>pedum</span> <span class='ocrx_word' id='word_1_319' title='bbox 535 3443 643 3526; x_wconf 73' lang='lat' dir='ltr'>septeni</span> <span class='ocrx_word' id='word_1_320' title='bbox 665 3444 720 3508; x_wconf 91' lang='lat' dir='ltr'>sub</span> <span class='ocrx_word' id='word_1_321' title='bbox 746 3460 967 3526; x_wconf 84' lang='lat' dir='ltr'>terra:qunm</span> <span class='ocrx_word' id='word_1_322' title='bbox 990 3461 1086 3507; x_wconf 83' lang='lat' dir='ltr'>tamen</span> <span class='ocrx_word' id='word_1_323' title='bbox 1112 3443 1301 3528; x_wconf 84' lang='lat' dir='ltr'>sepulchrum</span> <span class='ocrx_word' id='word_1_324' title='bbox 1323 3451 1386 3510; x_wconf 90' lang='lat' dir='ltr'>Ar·</span> 
     </span>
     <span class='ocr_line' id='line_1_39' title="bbox 348 3527 1386 3615; baseline 0.005 -21"><span class='ocrx_word' id='word_1_325' title='bbox 348 3541 381 3570; x_wconf 60' lang='grc'>’“</span> <span class='ocrx_word' id='word_1_326' title='bbox 405 3533 474 3594; x_wconf 89' lang='lat' dir='ltr'>tnrii</span> <span class='ocrx_word' id='word_1_327' title='bbox 493 3551 600 3594; x_wconf 87' lang='lat' dir='ltr'>novem</span> <span class='ocrx_word' id='word_1_328' title='bbox 613 3531 721 3614; x_wconf 87' lang='lat' dir='ltr'>pedum</span> <span class='ocrx_word' id='word_1_329' title='bbox 736 3527 860 3593; x_wconf 82' lang='lat' dir='ltr'>inferius</span> <span class='ocrx_word' id='word_1_330' title='bbox 873 3532 1025 3594; x_wconf 88' lang='lat' dir='ltr'>inventum</span> <span class='ocrx_word' id='word_1_331' title='bbox 1045 3530 1147 3594; x_wconf 85' lang='lat' dir='ltr'>suerit.</span> <span class='ocrx_word' id='word_1_332' title='bbox 1193 3539 1325 3615; x_wconf 82' lang='lat' dir='ltr'>Reperta</span> <span class='ocrx_word' id='word_1_333' title='bbox 1340 3536 1386 3598; x_wconf 87' lang='lat' dir='ltr'>est</span> 
     </span>
     <span class='ocr_line' id='line_1_40' title="bbox 362 3612 1389 3706; baseline 0.005 -24"><span class='ocrx_word' id='word_1_334' title='bbox 362 3629 383 3658; x_wconf 76' lang='lat'>‘¹</span> <span class='ocrx_word' id='word_1_335' title='bbox 406 3623 495 3683; x_wconf 87' lang='lat' dir='ltr'>etiam</span> <span class='ocrx_word' id='word_1_336' title='bbox 504 3629 578 3681; x_wconf 89' lang='lat' dir='ltr'>crux</span> <span class='ocrx_word' id='word_1_337' title='bbox 591 3619 728 3698; x_wconf 88' lang='lat' dir='ltr'>plumbea</span> <span class='ocrx_word' id='word_1_338' title='bbox 743 3638 802 3680; x_wconf 90' lang='lat' dir='ltr'>non</span> <span class='ocrx_word' id='word_1_339' title='bbox 814 3612 974 3699; x_wconf 81' lang='lat' dir='ltr'>superiori,¹</span> <span class='ocrx_word' id='word_1_340' title='bbox 989 3618 1037 3682; x_wconf 90' lang='lat' dir='ltr'>sed</span> <span class='ocrx_word' id='word_1_341' title='bbox 1050 3621 1148 3700; x_wconf 89' lang='lat' dir='ltr'>potius</span> <span class='ocrx_word' id='word_1_342' title='bbox 1161 3621 1293 3684; x_wconf 84' lang='lat' dir='ltr'>inferiori</span> <span class='ocrx_word' id='word_1_343' title='bbox 1307 3627 1389 3706; x_wconf 87' lang='lat' dir='ltr'>parti</span> 
     </span>
     <span class='ocr_line' id='line_1_41' title="bbox 362 3702 1386 3788; baseline 0.007 -20"><span class='ocrx_word' id='word_1_344' title='bbox 362 3717 382 3743; x_wconf 81' lang='lat'>‘⁴</span> <span class='ocrx_word' id='word_1_345' title='bbox 406 3709 511 3787; x_wconf 84' lang='lat' dir='ltr'>lapidis</span> <span class='ocrx_word' id='word_1_346' title='bbox 526 3704 630 3768; x_wconf 83' lang='lat' dir='ltr'>inserta</span> <span class='ocrx_word' id='word_1_347' title='bbox 644 3707 742 3767; x_wconf 81' lang='lat' dir='ltr'>literas</span> <span class='ocrx_word' id='word_1_348' title='bbox 769 3706 820 3766; x_wconf 79' lang='lat' dir='ltr'>has</span> <span class='ocrx_word' id='word_1_349' title='bbox 842 3702 991 3788; x_wconf 86' lang='lat' dir='ltr'>inscriptas</span> <span class='ocrx_word' id='word_1_350' title='bbox 1006 3707 1136 3768; x_wconf 88' lang='lat' dir='ltr'>habens:</span> <span class='ocrx_word' id='word_1_351' title='bbox 1173 3726 1235 3773; x_wconf 79' lang='lat' dir='ltr'>Htc</span> <span class='ocrx_word' id='word_1_352' title='bbox 1256 3728 1386 3784; x_wconf 78' lang='lat' dir='ltr'>JActtT</span> 
     </span>
     <span class='ocr_line' id='line_1_42' title="bbox 360 3802 1387 3862; baseline 0.008 -8"><span class='ocrx_word' id='word_1_353' title='bbox 360 3802 380 3830; x_wconf 84' lang='lat'><strong>“</strong></span> <span class='ocrx_word' id='word_1_354' title='bbox 406 3811 595 3855; x_wconf 73' lang='lat' dir='ltr'>snuvunvs</span> <span class='ocrx_word' id='word_1_355' title='bbox 625 3806 823 3856; x_wconf 76' lang='lat' dir='ltr'>rucntvvs</span> <span class='ocrx_word' id='word_1_356' title='bbox 846 3811 930 3855; x_wconf 79' lang='lat' dir='ltr'>nux</span> <span class='ocrx_word' id='word_1_357' title='bbox 965 3813 1160 3857; x_wconf 72' lang='lat' dir='ltr'>nnnvnrvs</span> <span class='ocrx_word' id='word_1_358' title='bbox 1193 3813 1237 3861; x_wconf 85' lang='lat' dir='ltr'>tu</span> <span class='ocrx_word' id='word_1_359' title='bbox 1271 3818 1387 3862; x_wconf 80' lang='lat' dir='ltr'>rusv-</span> 
     </span>
     <span class='ocr_line' id='line_1_43' title="bbox 362 3877 1385 3968; baseline 0.006 -24"><span class='ocrx_word' id='word_1_360' title='bbox 362 3891 384 3920; x_wconf 90' lang='lat'><strong>“</strong></span> <span class='ocrx_word' id='word_1_361' title='bbox 409 3899 463 3944; x_wconf 81' lang='lat' dir='ltr'>LA</span> <span class='ocrx_word' id='word_1_362' title='bbox 488 3897 711 3942; x_wconf 72' lang='lat' dir='ltr'>tvnuourn.</span> <span class='ocrx_word' id='word_1_363' title='bbox 760 3883 892 3946; x_wconf 77' lang='lat' dir='ltr'>‚Crucem</span> <span class='ocrx_word' id='word_1_364' title='bbox 912 3877 1012 3944; x_wconf 81' lang='lat' dir='ltr'>autem</span> <span class='ocrx_word' id='word_1_365' title='bbox 1032 3883 1196 3946; x_wconf 61' lang='lat' dir='ltr'>extractam</span> <span class='ocrx_word' id='word_1_366' title='bbox 1225 3883 1242 3945; x_wconf 74' lang='lat' dir='ltr'>ai</span> <span class='ocrx_word' id='word_1_367' title='bbox 1269 3885 1385 3968; x_wconf 84' lang='lat' dir='ltr'>lapide,</span> 
     </span>
     <span class='ocr_line' id='line_1_44' title="bbox 361 3966 1464 4051; baseline 0.01 -21"><span class='ocrx_word' id='word_1_368' title='bbox 361 3977 382 4006; x_wconf 90' lang='lat'><strong>“</strong></span> <span class='ocrx_word' id='word_1_369' title='bbox 407 3968 489 4030; x_wconf 76' lang='lat' dir='ltr'>dieto</span> <span class='ocrx_word' id='word_1_370' title='bbox 511 3969 616 4030; x_wconf 82' lang='lat' dir='ltr'>abbate</span> <span class='ocrx_word' id='word_1_371' title='bbox 630 3968 759 4029; x_wconf 87' lang='lat' dir='ltr'>Hentico</span> <span class='ocrx_word' id='word_1_372' title='bbox 779 3966 963 4044; x_wconf 82' lang='lat' dir='ltr'>ostendente,</span> <span class='ocrx_word' id='word_1_373' title='bbox 987 3967 1201 4051; x_wconf 88' lang='lat' dir='ltr'>prospeximus,</span> <span class='ocrx_word' id='word_1_374' title='bbox 1223 3971 1253 4033; x_wconf 78' lang='lat' dir='ltr'>dr</span> <span class='ocrx_word' id='word_1_375' title='bbox 1270 3973 1326 4036; x_wconf 81' lang='lat' dir='ltr'>has</span> <span class='ocrx_word' id='word_1_376' title='bbox 1349 3976 1388 4051; x_wconf 86' lang='lat' dir='ltr'>li·</span> <span class='ocrx_word' id='word_1_377' title='bbox 1463 4022 1464 4039; x_wconf 53' lang='lat' dir='ltr'>r</span> 
     </span>
     <span class='ocr_line' id='line_1_45' title="bbox 358 4053 1386 4139; baseline 0.007 -21"><span class='ocrx_word' id='word_1_378' title='bbox 358 4064 380 4094; x_wconf 73' lang='lat'>‘⁴</span> <span class='ocrx_word' id='word_1_379' title='bbox 404 4056 628 4136; x_wconf 80' lang='lat' dir='ltr'>ternslegimus.</span> <span class='ocrx_word' id='word_1_380' title='bbox 664 4055 851 4116; x_wconf 84' lang='lat' dir='ltr'>Sicutautem</span> <span class='ocrx_word' id='word_1_381' title='bbox 862 4053 1067 4118; x_wconf 83' lang='lat' dir='ltr'>cruxinserius</span> <span class='ocrx_word' id='word_1_382' title='bbox 1078 4056 1170 4139; x_wconf 78' lang='lat' dir='ltr'>lapidi</span> <span class='ocrx_word' id='word_1_383' title='bbox 1181 4055 1291 4122; x_wconf 84' lang='lat' dir='ltr'>inserta</span> <span class='ocrx_word' id='word_1_384' title='bbox 1301 4059 1386 4138; x_wconf 72' lang='lat' dir='ltr'>suit3</span> 
     </span>
     <span class='ocr_line' id='line_1_46' title="bbox 359 4143 1387 4229; baseline 0.008 -23"><span class='ocrx_word' id='word_1_385' title='bbox 359 4154 383 4182; x_wconf 67' lang='lat'>‘⁴</span> <span class='ocrx_word' id='word_1_386' title='bbox 411 4144 446 4206; x_wconf 89' lang='lat' dir='ltr'>src</span> <span class='ocrx_word' id='word_1_387' title='bbox 462 4145 557 4204; x_wconf 84' lang='lat' dir='ltr'>ctu&#39;cis</span> <span class='ocrx_word' id='word_1_388' title='bbox 572 4143 689 4204; x_wconf 75' lang='lat' dir='ltr'>literato</span> <span class='ocrx_word' id='word_1_389' title='bbox 705 4163 782 4222; x_wconf 78' lang='lat' dir='ltr'>pars,</span> <span class='ocrx_word' id='word_1_390' title='bbox 805 4158 839 4202; x_wconf 90' lang='lat' dir='ltr'>ut</span> <span class='ocrx_word' id='word_1_391' title='bbox 858 4143 1001 4204; x_wconf 87' lang='lat' dir='ltr'>occultior</span> <span class='ocrx_word' id='word_1_392' title='bbox 1027 4144 1106 4216; x_wconf 86' lang='lat' dir='ltr'>essct,</span> <span class='ocrx_word' id='word_1_393' title='bbox 1129 4143 1229 4208; x_wconf 84' lang='lat' dir='ltr'>versus</span> <span class='ocrx_word' id='word_1_394' title='bbox 1248 4147 1387 4229; x_wconf 81' lang='lat' dir='ltr'>lapidem</span> 
     </span>
     <span class='ocr_line' id='line_1_47' title="bbox 357 4228 1387 4330; baseline 0.006 -35"><span class='ocrx_word' id='word_1_395' title='bbox 357 4243 379 4272; x_wconf 85' lang='lat'>⁸·</span> <span class='ocrx_word' id='word_1_396' title='bbox 404 4233 482 4298; x_wconf 84' lang='lat' dir='ltr'>versa</span> <span class='ocrx_word' id='word_1_397' title='bbox 496 4246 569 4294; x_wconf 80' lang='lat' dir='ltr'>erat.</span> <span class='ocrx_word' id='word_1_398' title='bbox 607 4230 685 4292; x_wconf 86' lang='lat' dir='ltr'>Mira</span> <span class='ocrx_word' id='word_1_399' title='bbox 697 4230 819 4330; x_wconf 80' lang='lat' dir='ltr'>quidem</span> <span class='ocrx_word' id='word_1_400' title='bbox 831 4228 970 4293; x_wconf 76' lang='lat' dir='ltr'>industria</span> <span class='ocrx_word' id='word_1_401' title='bbox 982 4230 1183 4310; x_wconf 70' lang='lat' dir='ltr'>&amp;hominurn</span> <span class='ocrx_word' id='word_1_402' title='bbox 1197 4233 1387 4314; x_wconf 82' lang='lat' dir='ltr'>tempestatis</span> 
     </span>
     <span class='ocr_line' id='line_1_48' title="bbox 668 4323 1387 4392; baseline 0 0"><span class='ocrx_word' id='word_1_403' title='bbox 668 4335 671 4344; x_wconf 77' lang='grc'><em>’</em></span> <span class='ocrx_word' id='word_1_404' title='bbox 1223 4339 1228 4344; x_wconf 81' lang='grc'>’</span> <span class='ocrx_word' id='word_1_405' title='bbox 1255 4323 1387 4392; x_wconf 80' lang='lat' dir='ltr'>‘⁴-illius</span> 
     </span>
    </p>
   </div>
   <div class='ocr_carea' id='block_1_3' title="bbox 0 0 1478 4884">
    <p class='ocr_par' dir='ltr' id='par_1_3' title="bbox 0 0 1478 4884">
     <span class='ocr_line' id='line_1_49' title="bbox 0 0 1478 4884; baseline 0 0"><span class='ocrx_word' id='word_1_406' title='bbox 0 0 1478 4884; x_wconf 95' lang='lat' dir='ltr'> </span> 
     </span>
    </p>
   </div>
  </div>
 </body>
</html>
