2942 4884
158 290 162 296 ,
238 246 302 307 104
458 198 1202 320 .J.'Ln'nntrn1Attr1Quarttr

398 356 473 418 Hrec
485 353 530 422 est
543 352 617 418 festa
632 355 704 431 dies,
727 375 789 442 qna
803 357 932 438 primum
945 357 1074 424 vidimus
1089 360 1140 425 illa

443 443 594 506 Sideribus
612 442 683 525 pror
696 433 899 506 lumin'aclara
913 445 985 528 poli.

397 531 473 594 Haec
486 531 540 593 lux
553 531 633 593 alma
646 547 753 615 quater
767 529 841 595 senis
856 533 1006 596 natalibus
1020 535 1091 598 ldus

441 619 621 701 Septembris
636 637 772 702 reparat:
795 633 929 702 tempora
943 620 1011 682 laera
1022 623 1156 706 quidem,

396 706 500 788 Atque
513 703 588 769 milti
602 723 681 769 certe
695 707 782 768 niteo
793 704 936 788 fignanda
949 707 1060 791 lapillo,

441 791 541 858 Officii
556 808 592 856 nt
606 794 942 858 ridearcommeminille
955 799 1026 861 mei.

396 879 447 945 sie
461 881 536 945 mihi
549 879 707 961 Nestoreos
721 879 867 944 concedat
880 884 1018 967 Juppiter
1033 903 1137 964 annos,

441 971 481 1030 Et
494 970 547 1032 det
561 969 724 1052 tranquilla
734 964 928 1052 prosperitate
942 967 1013 1034 frui.

397 1057 519 1122 Deliciis
533 1075 588 1120 nec
601 1059 683 1122 enim
696 1054 794 1120 statuo
814 1056 864 1119 hic
878 1059 1037 1124 extendere
1054 1060 1156 1139 vitam,

441 1143 512 1207 Otia
523 1142 571 1206 vei
581 1144 670 1208 rebus
685 1145 771 1228 pigra
783 1140 883 1207 fovere
896 1146 993 1209 malis.

396 1233 463 1295 Hoc
479 1246 597 1296 tautum
611 1235 712 1315 cupio,
735 1231 840 1294 studiis
855 1232 986 1314 prodesse
995 1234 1107 1318 politis,

439 1319 597 1384 Laudibus
615 1321 644 1382 &
659 1321 764 1402 patriae
778 1315 905 1382 crescere
923 1337 1007 1385 certo
1021 1342 1106 1388 meae.

395 1407 513 1473 Nobilis
528 1408 577 1470 illa
592 1405 661 1484 suit,
684 1405 733 1470 sed
750 1422 865 1469 tantum
878 1405 936 1470 hoc
950 1407 1047 1473 defuit
1063 1429 1170 1489 unum,

440 1497 602 1578 Scriptores
616 1515 776 1570 memores,
798 1491 975 1578 posteritatis
990 1516 1084 1584 arnor.

396 1585 458 1646 Vos
472 1584 661 1667 antiquarum
676 1599 778 1644 rerum
794 1583 874 1662 (mea
888 1583 973 1663 cura)
991 1585 1135 1662 Britanni,

441 1671 573 1734 Sollicita
591 1670 733 1733 excutitis
746 1669 800 1754 qui
812 1687 1006 1734 monumenta
1019 1671 1091 1748 fide,

397 1756 564 1838 Exserited
578 1758 718 1831 calamos,
742 1757 875 1839 exempla
889 1755 1033 1822 ostendite
1049 1761 1138 1834 clara,

439 1847 539 1910 Patria
552 1861 588 1907 ut
602 1846 723 1920 eniteat,
747 1843 827 1928 pisia
841 1842 941 1908 colore
955 1843 1019 1910 sno.

656 1953 708 2039 'Ad
719 1953 814 2038 baur:
828 1972 1067 2058 Sparcltfordum.
1149 2009 1151 2014 ·

400 2099 463 2230 SI
482 2099 604 2165 fortuna
619 2118 722 2185 potens
739 2099 814 2165 meis
832 2098 943 2165 faveret

471 2192 566 2264 Votis,
589 2192 710 2273 praemia
724 2189 842 2270 pectore
855 2189 1005 2254 allubente

398 2279 552 2340 Donarem
564 2298 672 2339 aurea:
696 2273 745 2338 sed
759 2275 836 2338 mihi
850 2275 963 2339 volenti

397 2364 469 2427 Haee
483 2363 543 2428 sors
557 2364 658 2427 invida
672 2384 767 2447 quum
783 2378 881 2446 neget,
903 2379 1046 2431 retortam

397 2450 554 2515 ostentans
576 2450 691 2526 sociem,
715 2452 785 2514 boni
799 2449 874 2514 seres
890 2472 969 2516 nunc

397 2540 531 2602 Parvum
543 2541 675 2602 carmina
686 2558 795 2600 munus
809 2537 873 2602 ista.
921 2543 1062 2605 Tantum

396 2624 514 2688 Effusos
525 2647 664 2689 numeros
678 2626 745 2688 srnit
759 2623 891 2688 severum

396 2716 464 2776 Hoc'
479 2730 594 2797 tempus
609 2714 690 2789 dare,
713 2733 790 2797 quos
806 2729 875 2776 tuus
889 2711 1034 2798 benignus

397 2804 485 2865 Certe
500 2800 592 2885 poscit
607 2824 701 2865 amor.
748 2805 851 2864 Manet
866 2802 1016 2884 repostum
1142 2865 1144 2870 .

397 2891 535 2972 Namque
549 2890 614 2952 imis
630 2888 829 2971 penetralibus
843 2891 949 2952 tenacis

398 2974 621 3059 Constantisqne
634 2977 734 3051 animi,
758 2976 869 3058 quibus
883 2976 975 3040 beasti

398 3065 451 3128 Me
467 3065 581 3146 pridem
595 3063 700 3128 officiis
714 3063 799 3126 domi
814 3077 884 3136 ture,
909 3085 1006 3152 quum

397 3154 557 3227 Smithum,
580 3152 697 3216 delicias
710 3171 799 3226 meas,
822 3152 952 3214 venirem

395 3237 540 3301 Vrsnrus:
565 3256 697 3322 poteram
711 3239 741 3300 8<
756 3239 890 3307 lubenter
905 3240 966 3304 illic

396 3330 515 3390 Tecum
530 3344 687 3411 perpetuos
702 3328 764 3388 dies
778 3345 905 3390 manere.

394 3415 542 3497 Nymphis
557 3435 617 3477 nou
631 3414 754 3478 Helicon
765 3409 851 3475 sacris
865 3413 984 3476 videtur

395 3504 474 3563 Fons
485 3522 566 3563 nunc
578 3504 711 3584 gratior„
724 3497 774 3562 illa
788 3519 879 3583 quam
895 3517 947 3564 tua
962 3499 1045 3564 islinc

396 3585 464 3650 Visa
482 3588 522 3651 est
537 3590 606 3650 villa
620 3590 706 3662 mihi,
730 3590 825 3650 nitens
837 3586 972 3652 serenum

396 3676 502 3738 Paffim
518 3675 643 3740 floribus
657 3679 687 3738 Sc
702 3674 759 3736 situ
775 3691 837 3738 tam
852 3696 981 3740 amoeno.

396 3765 530 3847 Supplex
545 3783 716 3847 comprecor
728 3779 763 3825 ut
778 3766 835 3825 ruis
849 3765 948 3828 amicis

395 3854 509 3926 Sernes,
533 3871 624 3935 atque
639 3851 693 3914 tibi
706 3850 806 3912 valens
821 3853 975 3933 (paratum

189 3957 245 4026 rag,
261 3976 299 4020 ³²·
394 3939 489 4002 Mufis
503 3936 679 4022 hospitium)
694 3939 780 4001 bonis
796 3940 833 4001 ad
848 3958 939 4000 annos

390 4016 464 4089 illos
475 4027 677 4109 centuplices:
700 4025 799 4110 gravis
814 4046 1014 4110 necunquam

395 4113 472 4177 Vitae
489 4113 578 4177 taedia
592 4112 695 4178 sentias
710 4133 811 4177 amara
1052 4113 1059 4128 ’

395 4202 441 4264 Mi
457 4199 643 4283 Sparcsorde‚
667 4201 712 4262 vel
727 4199 885 4264 horridum
899 4203 1011 4266 ruentis

394 4288 533 4354 Fortunae
549 4289 626 4354 illius
641 4291 769 4374 impetus
781 4287 903 4354 seroces.
