<?xml version="1.0" encoding="UTF-8"?>
<!DOCTYPE html PUBLIC "-//W3C//DTD XHTML 1.0 Transitional//EN"
    "http://www.w3.org/TR/xhtml1/DTD/xhtml1-transitional.dtd">
<html xmlns="http://www.w3.org/1999/xhtml" xml:lang="en" lang="en">
 <head>
  <title>
</title>
<meta http-equiv="Content-Type" content="text/html;charset=utf-8" />
  <meta name='ocr-system' content='tesseract 3.04.00' />
  <meta name='ocr-capabilities' content='ocr_page ocr_carea ocr_par ocr_line ocrx_word'/>
</head>
<body>
  <div class='ocr_page' id='page_1' title='image "./joannislelandia15lelagoog_0097.png"; bbox 0 0 2942 4884; ppageno 0'>
   <div class='ocr_carea' id='block_1_1' title="bbox 208 255 971 339">
    <p class='ocr_par' dir='ltr' id='par_1_1' title="bbox 208 255 971 339">
     <span class='ocr_line' id='line_1_1' title="bbox 208 255 971 339; baseline 0.001 -1"><span class='ocrx_word' id='word_1_1' title='bbox 208 255 454 338; x_wconf 74' lang='lat' dir='ltr'>Eltc&#39;onttn</span> <span class='ocrx_word' id='word_1_2' title='bbox 492 259 749 336; x_wconf 74' lang='lat' dir='ltr'>rnnnsntt.</span> <span class='ocrx_word' id='word_1_3' title='bbox 783 267 971 339; x_wconf 82' lang='lat' dir='ltr'>vrtton.</span> 
     </span>
    </p>
   </div>
   <div class='ocr_carea' id='block_1_2' title="bbox 153 400 1035 486">
    <p class='ocr_par' dir='ltr' id='par_1_2' title="bbox 153 400 1035 486">
     <span class='ocr_line' id='line_1_2' title="bbox 153 400 1035 486; baseline 0.001 -18"><span class='ocrx_word' id='word_1_4' title='bbox 153 403 205 468; x_wconf 82' lang='lat' dir='ltr'>Ad</span> <span class='ocrx_word' id='word_1_5' title='bbox 216 406 333 485; x_wconf 84' lang='lat' dir='ltr'>Musam</span> <span class='ocrx_word' id='word_1_6' title='bbox 337 406 438 483; x_wconf 75' lang='lat' dir='ltr'>stram</span> <span class='ocrx_word' id='word_1_7' title='bbox 461 413 496 462; x_wconf 79' lang='lat' dir='ltr'>att</span> <span class='ocrx_word' id='word_1_8' title='bbox 507 400 730 480; x_wconf 75' lang='lat' dir='ltr'>christophorum</span> <span class='ocrx_word' id='word_1_9' title='bbox 745 403 895 483; x_wconf 76' lang='lat' dir='ltr'>Smythrrm</span> <span class='ocrx_word' id='word_1_10' title='bbox 908 405 1035 486; x_wconf 75' lang='lat' dir='ltr'>fhsntet.</span> 
     </span>
    </p>
   </div>
   <div class='ocr_carea' id='block_1_3' title="bbox 116 498 1267 2058">
    <p class='ocr_par' dir='ltr' id='par_1_3' title="bbox 116 498 1267 2058">
     <span class='ocr_line' id='line_1_3' title="bbox 118 498 1020 653; baseline -0.001 -85"><span class='ocrx_word' id='word_1_11' title='bbox 118 501 389 653; x_wconf 40' lang='lat' dir='ltr'>Cllristophoro·</span> <span class='ocrx_word' id='word_1_12' title='bbox 395 498 520 561; x_wconf 88' lang='lat' dir='ltr'>multam</span> <span class='ocrx_word' id='word_1_13' title='bbox 537 499 665 648; x_wconf 65' lang='lat' dir='ltr'>Ssmytho</span> <span class='ocrx_word' id='word_1_14' title='bbox 679 501 739 573; x_wconf 88' lang='lat' dir='ltr'>dic,</span> <span class='ocrx_word' id='word_1_15' title='bbox 764 501 860 578; x_wconf 88' lang='lat' dir='ltr'>Musa,</span> <span class='ocrx_word' id='word_1_16' title='bbox 884 501 1020 582; x_wconf 84' lang='lat' dir='ltr'>salutem,</span> 
     </span>
     <span class='ocr_line' id='line_1_4' title="bbox 200 583 975 676; baseline 0 -23"><span class='ocrx_word' id='word_1_17' title='bbox 200 595 309 676; x_wconf 81' lang='lat' dir='ltr'>Qum</span> <span class='ocrx_word' id='word_1_18' title='bbox 321 587 405 651; x_wconf 87' lang='lat' dir='ltr'>dabis</span> <span class='ocrx_word' id='word_1_19' title='bbox 422 585 504 658; x_wconf 86' lang='lat' dir='ltr'>hos</span> <span class='ocrx_word' id='word_1_20' title='bbox 492 607 544 649; x_wconf 88' lang='lat' dir='ltr'>ver</span> <span class='ocrx_word' id='word_1_21' title='bbox 546 583 602 660; x_wconf 83' lang='lat' dir='ltr'>sos,</span> <span class='ocrx_word' id='word_1_22' title='bbox 627 599 750 648; x_wconf 77' lang='lat' dir='ltr'>munera</span> <span class='ocrx_word' id='word_1_23' title='bbox 764 600 860 671; x_wconf 83' lang='lat' dir='ltr'>grata,</span> <span class='ocrx_word' id='word_1_24' title='bbox 884 605 975 656; x_wconf 78' lang='lat' dir='ltr'>meos.</span> 
     </span>
     <span class='ocr_line' id='line_1_5' title="bbox 116 674 950 762; baseline -0.001 -19"><span class='ocrx_word' id='word_1_25' title='bbox 116 679 169 744; x_wconf 89' lang='lat' dir='ltr'>llle</span> <span class='ocrx_word' id='word_1_26' title='bbox 184 700 261 761; x_wconf 88' lang='lat' dir='ltr'>puer</span> <span class='ocrx_word' id='word_1_27' title='bbox 271 675 410 762; x_wconf 84' lang='lat' dir='ltr'>quamvis</span> <span class='ocrx_word' id='word_1_28' title='bbox 425 674 576 736; x_wconf 85' lang='lat' dir='ltr'>decimum</span> <span class='ocrx_word' id='word_1_29' title='bbox 593 675 643 735; x_wconf 81' lang='lat' dir='ltr'>vix</span> <span class='ocrx_word' id='word_1_30' title='bbox 657 683 813 758; x_wconf 85' lang='lat' dir='ltr'>computet</span> <span class='ocrx_word' id='word_1_31' title='bbox 827 687 950 757; x_wconf 72' lang='lat' dir='ltr'>annom,</span> 
     </span>
     <span class='ocr_line' id='line_1_6' title="bbox 160 761 797 847; baseline -0.003 -19"><span class='ocrx_word' id='word_1_32' title='bbox 160 766 294 830; x_wconf 86' lang='lat' dir='ltr'>Exterfis</span> <span class='ocrx_word' id='word_1_33' title='bbox 308 767 444 847; x_wconf 86' lang='lat' dir='ltr'>loquitur</span> <span class='ocrx_word' id='word_1_34' title='bbox 458 765 547 825; x_wconf 89' lang='lat' dir='ltr'>verba</span> <span class='ocrx_word' id='word_1_35' title='bbox 563 762 671 824; x_wconf 88' lang='lat' dir='ltr'>Latina</span> <span class='ocrx_word' id='word_1_36' title='bbox 687 761 797 827; x_wconf 84' lang='lat' dir='ltr'>modis.</span> 
     </span>
     <span class='ocr_line' id='line_1_7' title="bbox 117 845 905 936; baseline -0.005 -16"><span class='ocrx_word' id='word_1_37' title='bbox 117 845 241 928; x_wconf 81' lang='lat' dir='ltr'>Histrio,</span> <span class='ocrx_word' id='word_1_38' title='bbox 265 875 363 936; x_wconf 85' lang='lat' dir='ltr'>quom</span> <span class='ocrx_word' id='word_1_39' title='bbox 379 849 478 914; x_wconf 86' lang='lat' dir='ltr'>scaenis</span> <span class='ocrx_word' id='word_1_40' title='bbox 493 850 580 934; x_wconf 87' lang='lat' dir='ltr'>gestit</span> <span class='ocrx_word' id='word_1_41' title='bbox 595 851 756 926; x_wconf 83' lang='lat' dir='ltr'>comoedia,</span> <span class='ocrx_word' id='word_1_42' title='bbox 781 846 905 916; x_wconf 85' lang='lat' dir='ltr'>laudem</span> 
     </span>
     <span class='ocr_line' id='line_1_8' title="bbox 163 934 1068 1024; baseline -0.002 -20"><span class='ocrx_word' id='word_1_43' title='bbox 163 945 298 1024; x_wconf 86' lang='lat' dir='ltr'>Accipit,</span> <span class='ocrx_word' id='word_1_44' title='bbox 321 935 469 1020; x_wconf 78' lang='lat' dir='ltr'>&amp;plausu</span> <span class='ocrx_word' id='word_1_45' title='bbox 481 940 547 1000; x_wconf 82' lang='lat' dir='ltr'>laeta</span> <span class='ocrx_word' id='word_1_46' title='bbox 560 938 674 999; x_wconf 85' lang='lat' dir='ltr'>theatra</span> <span class='ocrx_word' id='word_1_47' title='bbox 690 934 801 1002; x_wconf 85' lang='lat' dir='ltr'>sonant</span> <span class='ocrx_word' id='word_1_48' title='bbox 1064 994 1068 1002; x_wconf 86' lang='lat'>.</span> 
     </span>
     <span class='ocr_line' id='line_1_9' title="bbox 119 1022 1267 1122; baseline -0.002 -29"><span class='ocrx_word' id='word_1_49' title='bbox 119 1031 201 1093; x_wconf 85' lang='lat' dir='ltr'>Voce</span> <span class='ocrx_word' id='word_1_50' title='bbox 213 1027 305 1092; x_wconf 82' lang='lat' dir='ltr'>refert</span> <span class='ocrx_word' id='word_1_51' title='bbox 320 1025 394 1090; x_wconf 88' lang='lat' dir='ltr'>trilli</span> <span class='ocrx_word' id='word_1_52' title='bbox 408 1046 504 1109; x_wconf 86' lang='lat' dir='ltr'>quom</span> <span class='ocrx_word' id='word_1_53' title='bbox 522 1024 610 1090; x_wconf 81' lang='lat' dir='ltr'>tristia</span> <span class='ocrx_word' id='word_1_54' title='bbox 628 1022 707 1086; x_wconf 76' lang='lat' dir='ltr'>fasta</span> <span class='ocrx_word' id='word_1_55' title='bbox 723 1030 891 1111; x_wconf 79' lang='lat' dir='ltr'>tragoedut,</span> <span class='ocrx_word' id='word_1_56' title='bbox 1126 1051 1186 1122; x_wconf 68' lang='lat' dir='ltr'>hg.</span> <span class='ocrx_word' id='word_1_57' title='bbox 1200 1068 1242 1114; x_wconf 76' lang='lat'>¹4·</span> <span class='ocrx_word' id='word_1_58' title='bbox 1257 1099 1267 1111; x_wconf 46' lang='lat'>,</span> 
     </span>
     <span class='ocr_line' id='line_1_10' title="bbox 162 1111 818 1199; baseline -0.008 -19"><span class='ocrx_word' id='word_1_59' title='bbox 162 1117 320 1199; x_wconf 77' lang='lat' dir='ltr'>Speslator</span> <span class='ocrx_word' id='word_1_60' title='bbox 334 1115 483 1178; x_wconf 86' lang='lat' dir='ltr'>lachrimis</span> <span class='ocrx_word' id='word_1_61' title='bbox 498 1111 649 1176; x_wconf 82' lang='lat' dir='ltr'>maestulus</span> <span class='ocrx_word' id='word_1_62' title='bbox 663 1133 716 1174; x_wconf 90' lang='lat' dir='ltr'>ora</span> <span class='ocrx_word' id='word_1_63' title='bbox 730 1116 818 1197; x_wconf 84' lang='lat' dir='ltr'>rigat.</span> 
     </span>
     <span class='ocr_line' id='line_1_11' title="bbox 122 1199 869 1288; baseline -0.001 -20"><span class='ocrx_word' id='word_1_64' title='bbox 122 1199 205 1268; x_wconf 83' lang='lat' dir='ltr'>illins</span> <span class='ocrx_word' id='word_1_65' title='bbox 220 1205 290 1268; x_wconf 90' lang='lat' dir='ltr'>hinc</span> <span class='ocrx_word' id='word_1_66' title='bbox 304 1205 421 1288; x_wconf 87' lang='lat' dir='ltr'>genitor</span> <span class='ocrx_word' id='word_1_67' title='bbox 435 1204 591 1282; x_wconf 77' lang='lat' dir='ltr'>componit</span> <span class='ocrx_word' id='word_1_68' title='bbox 607 1200 747 1282; x_wconf 86' lang='lat' dir='ltr'>Apolline</span> <span class='ocrx_word' id='word_1_69' title='bbox 761 1204 869 1268; x_wconf 86' lang='lat' dir='ltr'>dextro</span> 
     </span>
     <span class='ocr_line' id='line_1_12' title="bbox 165 1292 877 1374; baseline 0 -20"><span class='ocrx_word' id='word_1_70' title='bbox 165 1295 318 1366; x_wconf 81' lang='lat' dir='ltr'>Carmina,</span> <span class='ocrx_word' id='word_1_71' title='bbox 340 1305 500 1374; x_wconf 88' lang='lat' dir='ltr'>perpetuas</span> <span class='ocrx_word' id='word_1_72' title='bbox 515 1308 583 1370; x_wconf 83' lang='lat' dir='ltr'>quae</span> <span class='ocrx_word' id='word_1_73' title='bbox 598 1308 731 1352; x_wconf 85' lang='lat' dir='ltr'>meruere</span> <span class='ocrx_word' id='word_1_74' title='bbox 747 1292 863 1357; x_wconf 80' lang='lat' dir='ltr'>cedros.</span> <span class='ocrx_word' id='word_1_75' title='bbox 873 1325 877 1333; x_wconf 83' lang='lat'>.</span> 
     </span>
     <span class='ocr_line' id='line_1_13' title="bbox 122 1362 907 1462; baseline -0.005 -17.995"><span class='ocrx_word' id='word_1_76' title='bbox 122 1362 193 1444; x_wconf 80' lang='lat' dir='ltr'>llaec</span> <span class='ocrx_word' id='word_1_77' title='bbox 204 1375 311 1442; x_wconf 80' lang='lat' dir='ltr'>ead&#39;em</span> <span class='ocrx_word' id='word_1_78' title='bbox 325 1393 450 1462; x_wconf 83' lang='lat' dir='ltr'>argutus</span> <span class='ocrx_word' id='word_1_79' title='bbox 466 1377 579 1451; x_wconf 82' lang='lat' dir='ltr'>recitat,</span> <span class='ocrx_word' id='word_1_80' title='bbox 602 1392 764 1459; x_wconf 83' lang='lat' dir='ltr'>cantatque</span> <span class='ocrx_word' id='word_1_81' title='bbox 778 1380 907 1462; x_wconf 77' lang='lat' dir='ltr'>puellus,</span> 
     </span>
     <span class='ocr_line' id='line_1_14' title="bbox 166 1464 792 1556; baseline -0.005 -26"><span class='ocrx_word' id='word_1_82' title='bbox 166 1465 336 1531; x_wconf 86' lang='lat' dir='ltr'>Diffluere</span> <span class='ocrx_word' id='word_1_83' title='bbox 329 1486 360 1528; x_wconf 90' lang='lat' dir='ltr'>rn</span> <span class='ocrx_word' id='word_1_84' title='bbox 372 1466 462 1529; x_wconf 85' lang='lat' dir='ltr'>labris</span> <span class='ocrx_word' id='word_1_85' title='bbox 472 1465 574 1556; x_wconf 69' lang='lat' dir='ltr'>Attipa</span> <span class='ocrx_word' id='word_1_86' title='bbox 592 1464 680 1528; x_wconf 83' lang='lat' dir='ltr'>mella</span> <span class='ocrx_word' id='word_1_87' title='bbox 696 1483 792 1548; x_wconf 85' lang='lat' dir='ltr'>putes.</span> 
     </span>
     <span class='ocr_line' id='line_1_15' title="bbox 127 1547 796 1640; baseline -0.005 -22"><span class='ocrx_word' id='word_1_88' title='bbox 127 1557 240 1640; x_wconf 78' lang='lat' dir='ltr'>ingenii</span> <span class='ocrx_word' id='word_1_89' title='bbox 256 1553 323 1618; x_wconf 88' lang='lat' dir='ltr'>sunt</span> <span class='ocrx_word' id='word_1_90' title='bbox 338 1552 392 1618; x_wconf 83' lang='lat' dir='ltr'>isla</span> <span class='ocrx_word' id='word_1_91' title='bbox 406 1549 531 1636; x_wconf 85' lang='lat' dir='ltr'>quidem</span> <span class='ocrx_word' id='word_1_92' title='bbox 546 1553 592 1614; x_wconf 89' lang='lat' dir='ltr'>vel</span> <span class='ocrx_word' id='word_1_93' title='bbox 608 1547 690 1636; x_wconf 78' lang='lat' dir='ltr'>signa</span> <span class='ocrx_word' id='word_1_94' title='bbox 704 1553 796 1628; x_wconf 88' lang='lat' dir='ltr'>beati,</span> 
     </span>
     <span class='ocr_line' id='line_1_16' title="bbox 168 1629 861 1724; baseline -0.003 -18"><span class='ocrx_word' id='word_1_95' title='bbox 168 1648 233 1706; x_wconf 90' lang='lat' dir='ltr'>Nec</span> <span class='ocrx_word' id='word_1_96' title='bbox 248 1656 346 1706; x_wconf 87' lang='lat' dir='ltr'>tamen</span> <span class='ocrx_word' id='word_1_97' title='bbox 360 1637 482 1724; x_wconf 86' lang='lat' dir='ltr'>ingenio</span> <span class='ocrx_word' id='word_1_98' title='bbox 496 1629 625 1704; x_wconf 82' lang='lat' dir='ltr'>candida</span> <span class='ocrx_word' id='word_1_99' title='bbox 639 1635 735 1702; x_wconf 86' lang='lat' dir='ltr'>forma</span> <span class='ocrx_word' id='word_1_100' title='bbox 751 1643 861 1706; x_wconf 88' lang='lat' dir='ltr'>minor.</span> 
     </span>
     <span class='ocr_line' id='line_1_17' title="bbox 124 1719 866 1835; baseline 0 -42"><span class='ocrx_word' id='word_1_101' title='bbox 124 1723 207 1794; x_wconf 72' lang='lat' dir='ltr'>&#39;Scire</span> <span class='ocrx_word' id='word_1_102' title='bbox 221 1732 307 1835; x_wconf 86' lang='lat' dir='ltr'>copis</span> <span class='ocrx_word' id='word_1_103' title='bbox 321 1719 422 1792; x_wconf 87' lang='lat' dir='ltr'>&#39;vultus</span> <span class='ocrx_word' id='word_1_104' title='bbox 437 1748 505 1812; x_wconf 75' lang='lat' dir='ltr'>quae</span> <span class='ocrx_word' id='word_1_105' title='bbox 518 1727 555 1790; x_wconf 89' lang='lat' dir='ltr'>srt</span> <span class='ocrx_word' id='word_1_106' title='bbox 571 1727 753 1810; x_wconf 84' lang='lat' dir='ltr'>praeslantia?</span> <span class='ocrx_word' id='word_1_107' title='bbox 779 1731 866 1792; x_wconf 76' lang='lat' dir='ltr'>Talia</span> 
     </span>
     <span class='ocr_line' id='line_1_18' title="bbox 170 1816 821 1900; baseline -0.003 -20"><span class='ocrx_word' id='word_1_108' title='bbox 170 1817 264 1892; x_wconf 88' lang='lat' dir='ltr'>Ell,</span> <span class='ocrx_word' id='word_1_109' title='bbox 256 1841 287 1882; x_wconf 88' lang='lat' dir='ltr'>ro</span> <span class='ocrx_word' id='word_1_110' title='bbox 300 1817 461 1900; x_wconf 85' lang='lat' dir='ltr'>Appellaeis</span> <span class='ocrx_word' id='word_1_111' title='bbox 476 1816 572 1900; x_wconf 83' lang='lat' dir='ltr'>qualis</span> <span class='ocrx_word' id='word_1_112' title='bbox 590 1821 683 1878; x_wconf 81' lang='lat' dir='ltr'>Amor</span> <span class='ocrx_word' id='word_1_113' title='bbox 700 1816 821 1879; x_wconf 83' lang='lat' dir='ltr'>tabulis</span> 
     </span>
     <span class='ocr_line' id='line_1_19' title="bbox 129 1902 839 1981; baseline -0.001 -13"><span class='ocrx_word' id='word_1_114' title='bbox 129 1909 177 1969; x_wconf 80' lang='lat' dir='ltr'>Sic</span> <span class='ocrx_word' id='word_1_115' title='bbox 191 1903 301 1969; x_wconf 84' lang='lat' dir='ltr'>nostrae</span> <span class='ocrx_word' id='word_1_116' title='bbox 316 1907 399 1968; x_wconf 87' lang='lat' dir='ltr'>volui</span> <span class='ocrx_word' id='word_1_117' title='bbox 411 1919 439 1966; x_wconf 90' lang='lat' dir='ltr'>te</span> <span class='ocrx_word' id='word_1_118' title='bbox 454 1902 662 1968; x_wconf 83' lang='lat' dir='ltr'>commendare</span> <span class='ocrx_word' id='word_1_119' title='bbox 675 1905 839 1981; x_wconf 84' lang='lat' dir='ltr'>Camoenae‚</span> 
     </span>
     <span class='ocr_line' id='line_1_20' title="bbox 171 1977 763 2058; baseline -0.005 -2"><span class='ocrx_word' id='word_1_120' title='bbox 171 1989 276 2058; x_wconf 83' lang='lat' dir='ltr'>Vir&#39;tus</span> <span class='ocrx_word' id='word_1_121' title='bbox 291 1992 410 2056; x_wconf 85' lang='lat' dir='ltr'>laudata</span> <span class='ocrx_word' id='word_1_122' title='bbox 425 2007 459 2054; x_wconf 90' lang='lat' dir='ltr'>ut</span> <span class='ocrx_word' id='word_1_123' title='bbox 477 1989 618 2056; x_wconf 77' lang='lat' dir='ltr'>cresceret</span> <span class='ocrx_word' id='word_1_124' title='bbox 632 1977 683 2052; x_wconf 87' lang='lat' dir='ltr'>illa</span> <span class='ocrx_word' id='word_1_125' title='bbox 700 2008 763 2055; x_wconf 86' lang='lat' dir='ltr'>tua.</span> 
     </span>
    </p>
   </div>
   <div class='ocr_carea' id='block_1_4' title="bbox 133 2123 909 2357">
    <p class='ocr_par' dir='ltr' id='par_1_4' title="bbox 133 2123 889 2357">
     <span class='ocr_line' id='line_1_21' title="bbox 361 2123 820 2190; baseline 0.004 -4"><span class='ocrx_word' id='word_1_126' title='bbox 361 2123 549 2186; x_wconf 75' lang='lat' dir='ltr'>Cossutios&#39;lu</span> <span class='ocrx_word' id='word_1_127' title='bbox 550 2123 649 2187; x_wconf 69' lang='lat' dir='ltr'>larabi</span> <span class='ocrx_word' id='word_1_128' title='bbox 663 2125 820 2190; x_wconf 73' lang='lat' dir='ltr'>&amp;Severi</span> 
     </span>
     <span class='ocr_line' id='line_1_22' title="bbox 133 2225 909 2357; baseline -0.004 -62"><span class='ocrx_word' id='word_1_129' title='bbox 133 2227 395 2357; x_wconf 83' lang='lat' dir='ltr'>PLutnrchus&#39;</span> <span class='ocrx_word' id='word_1_130' title='bbox 368 2247 444 2291; x_wconf 86' lang='lat' dir='ltr'>vrtns</span> <span class='ocrx_word' id='word_1_131' title='bbox 464 2226 587 2309; x_wconf 75' lang='lat' dir='ltr'>scripsit,</span> <span class='ocrx_word' id='word_1_132' title='bbox 611 2225 748 2312; x_wconf 88' lang='lat' dir='ltr'>vitasque</span> <span class='ocrx_word' id='word_1_133' title='bbox 763 2235 909 2294; x_wconf 70' lang='lat' dir='ltr'>Sere-rot·</span> 
     </span>
    </p>
   </div>
   <div class='ocr_carea' id='block_1_5' title="bbox 22 2313 973 2578">
    <p class='ocr_par' dir='ltr' id='par_1_5' title="bbox 22 2313 973 2578">
     <span class='ocr_line' id='line_1_23' title="bbox 199 2313 973 2402; baseline 0.001 -19"><span class='ocrx_word' id='word_1_134' title='bbox 199 2325 240 2383; x_wconf 90' lang='lat' dir='ltr'>Et</span> <span class='ocrx_word' id='word_1_135' title='bbox 257 2313 574 2402; x_wconf 86' lang='lat' dir='ltr'>pulchreofficioests</span> <span class='ocrx_word' id='word_1_136' title='bbox 559 2315 679 2384; x_wconf 70' lang='lat' dir='ltr'>functas</span> <span class='ocrx_word' id='word_1_137' title='bbox 696 2334 829 2402; x_wconf 87' lang='lat' dir='ltr'>uterqno</span> <span class='ocrx_word' id='word_1_138' title='bbox 846 2317 909 2385; x_wconf 85' lang='lat' dir='ltr'>suo.</span> <span class='ocrx_word' id='word_1_139' title='bbox 968 2317 973 2330; x_wconf 87' lang='grc'>’</span> 
     </span>
     <span class='ocr_line' id='line_1_24' title="bbox 22 2377 866 2493; baseline -0.001 -21"><span class='ocrx_word' id='word_1_140' title='bbox 22 2377 24 2470; x_wconf 76' lang='lat' dir='ltr'>i</span> <span class='ocrx_word' id='word_1_141' title='bbox 130 2403 557 2493; x_wconf 78' lang='lat' dir='ltr'>Qantol&#39;lutarchualingut</span> <span class='ocrx_word' id='word_1_142' title='bbox 571 2403 765 2488; x_wconf 86' lang='lat' dir='ltr'>praestantior,</span> <span class='ocrx_word' id='word_1_143' title='bbox 790 2405 866 2471; x_wconf 83' lang='lat' dir='ltr'>alter</span> 
     </span>
     <span class='ocr_line' id='line_1_25' title="bbox 174 2491 770 2578; baseline -0.002 -19"><span class='ocrx_word' id='word_1_144' title='bbox 174 2496 303 2559; x_wconf 85' lang='lat' dir='ltr'>Materie</span> <span class='ocrx_word' id='word_1_145' title='bbox 317 2510 402 2558; x_wconf 78' lang='lat' dir='ltr'>tanto</span> <span class='ocrx_word' id='word_1_146' title='bbox 418 2491 460 2555; x_wconf 90' lang='lat' dir='ltr'>est</span> <span class='ocrx_word' id='word_1_147' title='bbox 470 2493 576 2556; x_wconf 85' lang='lat' dir='ltr'>clarior</span> <span class='ocrx_word' id='word_1_148' title='bbox 591 2508 683 2578; x_wconf 85' lang='lat' dir='ltr'>atque</span> <span class='ocrx_word' id='word_1_149' title='bbox 698 2494 770 2558; x_wconf 87' lang='lat' dir='ltr'>fide.</span> 
     </span>
    </p>
   </div>
   <div class='ocr_carea' id='block_1_6' title="bbox 504 2609 723 2695">
    <p class='ocr_par' dir='ltr' id='par_1_6' title="bbox 504 2609 723 2695">
     <span class='ocr_line' id='line_1_26' title="bbox 504 2609 723 2695; baseline 0.015 -21"><span class='ocrx_word' id='word_1_150' title='bbox 504 2609 553 2674; x_wconf 75' lang='lat' dir='ltr'>Ad</span> <span class='ocrx_word' id='word_1_151' title='bbox 568 2611 631 2674; x_wconf 84' lang='lat' dir='ltr'>Cass</span> <span class='ocrx_word' id='word_1_152' title='bbox 619 2613 723 2695; x_wconf 76' lang='lat' dir='ltr'>liopen</span> 
     </span>
    </p>
   </div>
   <div class='ocr_carea' id='block_1_7' title="bbox 28 2722 939 3088">
    <p class='ocr_par' dir='ltr' id='par_1_7' title="bbox 28 2722 922 2890">
     <span class='ocr_line' id='line_1_27' title="bbox 139 2722 922 2848; baseline 0 -56"><span class='ocrx_word' id='word_1_153' title='bbox 139 2722 310 2848; x_wconf 76' lang='lat' dir='ltr'>CAlliope</span> <span class='ocrx_word' id='word_1_154' title='bbox 323 2725 394 2790; x_wconf 88' lang='lat' dir='ltr'>lasso</span> <span class='ocrx_word' id='word_1_155' title='bbox 407 2724 526 2788; x_wconf 87' lang='lat' dir='ltr'>veniam</span> <span class='ocrx_word' id='word_1_156' title='bbox 540 2725 627 2788; x_wconf 87' lang='lat' dir='ltr'>dabis</span> <span class='ocrx_word' id='word_1_157' title='bbox 641 2726 751 2806; x_wconf 80' lang='lat' dir='ltr'>inclyta</span> <span class='ocrx_word' id='word_1_158' title='bbox 765 2723 837 2803; x_wconf 81' lang='lat' dir='ltr'>vati,</span> <span class='ocrx_word' id='word_1_159' title='bbox 919 2769 922 2775; x_wconf 91' lang='lat'>·</span> 
     </span>
     <span class='ocr_line' id='line_1_28' title="bbox 28 2811 752 2890; baseline -0.007 -11"><span class='ocrx_word' id='word_1_160' title='bbox 28 2815 30 2890; x_wconf 71' lang='lat' dir='ltr'>i</span> <span class='ocrx_word' id='word_1_161' title='bbox 212 2813 312 2879; x_wconf 88' lang='lat' dir='ltr'>Officii</span> <span class='ocrx_word' id='word_1_162' title='bbox 327 2812 445 2877; x_wconf 72' lang='lat' dir='ltr'>nonest</span> <span class='ocrx_word' id='word_1_163' title='bbox 460 2815 619 2876; x_wconf 87' lang='lat' dir='ltr'>immemor</span> <span class='ocrx_word' id='word_1_164' title='bbox 633 2813 682 2877; x_wconf 87' lang='lat' dir='ltr'>ille</span> <span class='ocrx_word' id='word_1_165' title='bbox 696 2811 713 2876; x_wconf 94' lang='lat' dir='ltr'>s</span> <span class='ocrx_word' id='word_1_166' title='bbox 711 2817 752 2877; x_wconf 90' lang='lat' dir='ltr'>ui.</span> 
     </span>
    </p>

    <p class='ocr_par' dir='ltr' id='par_1_8' title="bbox 29 2892 939 3075">
     <span class='ocr_line' id='line_1_29' title="bbox 29 2892 917 2984; baseline 0 -20"><span class='ocrx_word' id='word_1_167' title='bbox 29 2899 30 2940; x_wconf 60' lang='lat'><strong>³</strong></span> <span class='ocrx_word' id='word_1_168' title='bbox 139 2902 275 2984; x_wconf 85' lang='lat' dir='ltr'>Crastina</span> <span class='ocrx_word' id='word_1_169' title='bbox 290 2922 388 2984; x_wconf 88' lang='lat' dir='ltr'>quum</span> <span class='ocrx_word' id='word_1_170' title='bbox 403 2898 500 2963; x_wconf 87' lang='lat' dir='ltr'>roseos</span> <span class='ocrx_word' id='word_1_171' title='bbox 516 2901 616 2964; x_wconf 84' lang='lat' dir='ltr'>vultus</span> <span class='ocrx_word' id='word_1_172' title='bbox 628 2902 786 2966; x_wconf 82' lang='lat' dir='ltr'>ostenderit</span> <span class='ocrx_word' id='word_1_173' title='bbox 804 2904 870 2964; x_wconf 89' lang='lat' dir='ltr'>orbi</span> <span class='ocrx_word' id='word_1_174' title='bbox 907 2892 917 2914; x_wconf 56' lang='lat'><strong>⁸</strong></span> 
     </span>
     <span class='ocr_line' id='line_1_30' title="bbox 178 2987 939 3088; baseline 0 -35"><span class='ocrx_word' id='word_1_175' title='bbox 178 2994 309 3066; x_wconf 89' lang='lat' dir='ltr'>Aurora,</span> <span class='ocrx_word' id='word_1_176' title='bbox 332 2990 369 3052; x_wconf 88' lang='lat' dir='ltr'>ad</span> <span class='ocrx_word' id='word_1_177' title='bbox 385 2987 506 3054; x_wconf 90' lang='lat' dir='ltr'>solitum</span> <span class='ocrx_word' id='word_1_178' title='bbox 522 3005 763 3088; x_wconf 85' lang='lat' dir='ltr'>pennarecnrret</span> <span class='ocrx_word' id='word_1_179' title='bbox 779 3012 867 3075; x_wconf 77' lang='lat' dir='ltr'>opus,</span> <span class='ocrx_word' id='word_1_180' title='bbox 931 3045 939 3059; x_wconf 73' lang='grc'>,</span> 
     </span>
    </p>
   </div>
   <div class='ocr_carea' id='block_1_8' title="bbox 71 3105 1032 3194">
    <p class='ocr_par' dir='ltr' id='par_1_9' title="bbox 71 3105 1032 3194">
     <span class='ocr_line' id='line_1_31' title="bbox 71 3105 1032 3194; baseline -0.001 -21"><span class='ocrx_word' id='word_1_181' title='bbox 71 3105 74 3114; x_wconf 67' lang='grc'>’</span> <span class='ocrx_word' id='word_1_182' title='bbox 183 3108 233 3173; x_wconf 86' lang='lat' dir='ltr'>Ad</span> <span class='ocrx_word' id='word_1_183' title='bbox 244 3109 424 3172; x_wconf 80' lang='lat' dir='ltr'>Guist&#39;elmum</span> <span class='ocrx_word' id='word_1_184' title='bbox 440 3107 588 3184; x_wconf 81' lang='lat' dir='ltr'>Blandum,</span> <span class='ocrx_word' id='word_1_185' title='bbox 613 3111 699 3173; x_wconf 83' lang='lat' dir='ltr'>titulo</span> <span class='ocrx_word' id='word_1_186' title='bbox 685 3110 861 3194; x_wconf 83' lang='lat' dir='ltr'>oMantjoir&#39;,</span> <span class='ocrx_word' id='word_1_187' title='bbox 885 3111 953 3173; x_wconf 84' lang='lat' dir='ltr'>issu.</span> <span class='ocrx_word' id='word_1_188' title='bbox 959 3132 1032 3175; x_wconf 79' lang='lat' dir='ltr'>rem.</span> 
     </span>
    </p>
   </div>
   <div class='ocr_carea' id='block_1_9' title="bbox 33 3207 952 3555">
    <p class='ocr_par' dir='ltr' id='par_1_10' title="bbox 33 3207 931 3544">
     <span class='ocr_line' id='line_1_32' title="bbox 33 3207 910 3336; baseline 0.004 -56.441"><span class='ocrx_word' id='word_1_189' title='bbox 33 3207 344 3336; x_wconf 74' lang='lat' dir='ltr'>SEquanicis</span> <span class='ocrx_word' id='word_1_190' title='bbox 357 3219 445 3280; x_wconf 89' lang='lat' dir='ltr'>mitto</span> <span class='ocrx_word' id='word_1_191' title='bbox 457 3227 581 3300; x_wconf 87' lang='lat' dir='ltr'>parvum</span> <span class='ocrx_word' id='word_1_192' title='bbox 598 3218 651 3279; x_wconf 87' lang='lat' dir='ltr'>tibi</span> <span class='ocrx_word' id='word_1_193' title='bbox 667 3239 705 3279; x_wconf 94' lang='lat' dir='ltr'>m</span> <span class='ocrx_word' id='word_1_194' title='bbox 701 3239 775 3280; x_wconf 85' lang='lat' dir='ltr'>rnus</span> <span class='ocrx_word' id='word_1_195' title='bbox 787 3221 825 3280; x_wconf 88' lang='lat' dir='ltr'>ab</span> <span class='ocrx_word' id='word_1_196' title='bbox 840 3224 910 3295; x_wconf 79' lang='lat' dir='ltr'>oris,</span> 
     </span>
     <span class='ocr_line' id='line_1_33' title="bbox 35 3304 838 3388; baseline 0.003 -22"><span class='ocrx_word' id='word_1_197' title='bbox 35 3343 37 3387; x_wconf 72' lang='lat'>‚</span> <span class='ocrx_word' id='word_1_198' title='bbox 216 3304 568 3388; x_wconf 84' lang='lat' dir='ltr'>CandidaPieriigratia‚</span> <span class='ocrx_word' id='word_1_199' title='bbox 594 3305 720 3380; x_wconf 88' lang='lat' dir='ltr'>Blonde,</span> <span class='ocrx_word' id='word_1_200' title='bbox 745 3308 838 3370; x_wconf 88' lang='lat' dir='ltr'>chori.</span> 
     </span>
     <span class='ocr_line' id='line_1_34' title="bbox 143 3388 952 3473; baseline 0.004 -19"><span class='ocrx_word' id='word_1_201' title='bbox 143 3391 214 3454; x_wconf 84' lang='lat' dir='ltr'>Atsr</span> <span class='ocrx_word' id='word_1_202' title='bbox 232 3393 364 3456; x_wconf 79' lang='lat' dir='ltr'>animum</span> <span class='ocrx_word' id='word_1_203' title='bbox 379 3388 500 3473; x_wconf 78' lang='lat' dir='ltr'>spesles,</span> <span class='ocrx_word' id='word_1_204' title='bbox 524 3413 671 3473; x_wconf 83' lang='lat' dir='ltr'>magnum</span> <span class='ocrx_word' id='word_1_205' title='bbox 686 3393 789 3456; x_wconf 84' lang='lat' dir='ltr'>mifisle</span> <span class='ocrx_word' id='word_1_206' title='bbox 805 3391 952 3458; x_wconf 86' lang='lat' dir='ltr'>videbor:</span> 
     </span>
     <span class='ocr_line' id='line_1_35' title="bbox 186 3479 887 3555; baseline 0.004 -13"><span class='ocrx_word' id='word_1_207' title='bbox 186 3485 247 3542; x_wconf 81' lang='lat' dir='ltr'>Res</span> <span class='ocrx_word' id='word_1_208' title='bbox 263 3480 316 3543; x_wconf 87' lang='lat' dir='ltr'>ubi</span> <span class='ocrx_word' id='word_1_209' title='bbox 331 3479 485 3555; x_wconf 88' lang='lat' dir='ltr'>deficiunt,</span> <span class='ocrx_word' id='word_1_210' title='bbox 509 3479 550 3542; x_wconf 87' lang='lat' dir='ltr'>est</span> <span class='ocrx_word' id='word_1_211' title='bbox 566 3479 685 3544; x_wconf 84' lang='lat' dir='ltr'>voluisse</span> <span class='ocrx_word' id='word_1_212' title='bbox 697 3479 776 3544; x_wconf 74' lang='lat' dir='ltr'>satia.</span> <span class='ocrx_word' id='word_1_213' title='bbox 884 3506 887 3511; x_wconf 86' lang='lat'><em>·</em></span> 
     </span>
    </p>
   </div>
   <div class='ocr_carea' id='block_1_10' title="bbox 229 3608 982 3706">
    <p class='ocr_par' dir='ltr' id='par_1_11' title="bbox 229 3608 982 3706">
     <span class='ocr_line' id='line_1_36' title="bbox 229 3608 982 3706; baseline 0.004 -35"><span class='ocrx_word' id='word_1_214' title='bbox 229 3608 281 3671; x_wconf 86' lang='lat' dir='ltr'>Ad</span> <span class='ocrx_word' id='word_1_215' title='bbox 293 3608 433 3688; x_wconf 80' lang='lat' dir='ltr'>Joannem</span> <span class='ocrx_word' id='word_1_216' title='bbox 449 3611 605 3673; x_wconf 85' lang='lat' dir='ltr'>Fratercnl</span> <span class='ocrx_word' id='word_1_217' title='bbox 603 3629 660 3686; x_wconf 79' lang='lat' dir='ltr'>arn,</span> <span class='ocrx_word' id='word_1_218' title='bbox 684 3611 822 3696; x_wconf 68' lang='lat' dir='ltr'>irfignem</span> <span class='ocrx_word' id='word_1_219' title='bbox 834 3610 982 3706; x_wconf 74' lang='lat' dir='ltr'>medicam.</span> 
     </span>
    </p>
   </div>
   <div class='ocr_carea' id='block_1_11' title="bbox 60 3703 780 4486">
    <p class='ocr_par' dir='ltr' id='par_1_12' title="bbox 60 3703 780 4486">
     <span class='ocr_line' id='line_1_37' title="bbox 147 3703 670 3838; baseline 0.006 -59.012"><span class='ocrx_word' id='word_1_220' title='bbox 147 3721 252 3838; x_wconf 82' lang='lat' dir='ltr'>ME</span> <span class='ocrx_word' id='word_1_221' title='bbox 267 3721 346 3782; x_wconf 84' lang='lat' dir='ltr'>curis</span> <span class='ocrx_word' id='word_1_222' title='bbox 361 3739 491 3781; x_wconf 88' lang='lat' dir='ltr'>vacuum</span> <span class='ocrx_word' id='word_1_223' title='bbox 506 3703 588 3782; x_wconf 84' lang='lat' dir='ltr'>beata</span> <span class='ocrx_word' id='word_1_224' title='bbox 601 3737 670 3782; x_wconf 89' lang='lat' dir='ltr'>rura</span> 
     </span>
     <span class='ocr_line' id='line_1_38' title="bbox 242 3807 780 3874; baseline 0.006 -6"><span class='ocrx_word' id='word_1_225' title='bbox 242 3809 333 3869; x_wconf 87' lang='lat' dir='ltr'>Nunc</span> <span class='ocrx_word' id='word_1_226' title='bbox 347 3807 516 3868; x_wconf 85' lang='lat' dir='ltr'>Fratercule</span> <span class='ocrx_word' id='word_1_227' title='bbox 530 3809 663 3870; x_wconf 84' lang='lat' dir='ltr'>detinent</span> <span class='ocrx_word' id='word_1_228' title='bbox 678 3809 780 3874; x_wconf 82' lang='lat' dir='ltr'>amice.</span> 
     </span>
     <span class='ocr_line' id='line_1_39' title="bbox 150 3894 681 3978; baseline 0.006 -25"><span class='ocrx_word' id='word_1_229' title='bbox 150 3894 315 3978; x_wconf 82' lang='lat' dir='ltr'>Contentus</span> <span class='ocrx_word' id='word_1_230' title='bbox 330 3895 397 3958; x_wconf 86' lang='lat' dir='ltr'>laris</span> <span class='ocrx_word' id='word_1_231' title='bbox 413 3895 462 3956; x_wconf 89' lang='lat' dir='ltr'>hic</span> <span class='ocrx_word' id='word_1_232' title='bbox 477 3896 577 3976; x_wconf 86' lang='lat' dir='ltr'>quiete</span> <span class='ocrx_word' id='word_1_233' title='bbox 587 3899 681 3978; x_wconf 86' lang='lat' dir='ltr'>parvi,</span> 
     </span>
     <span class='ocr_line' id='line_1_40' title="bbox 152 3979 770 4067; baseline 0.01 -26"><span class='ocrx_word' id='word_1_234' title='bbox 152 3979 231 4057; x_wconf 85' lang='lat' dir='ltr'>(sed</span> <span class='ocrx_word' id='word_1_235' title='bbox 226 4003 327 4062; x_wconf 86' lang='lat' dir='ltr'>quem</span> <span class='ocrx_word' id='word_1_236' title='bbox 342 3979 449 4044; x_wconf 84' lang='lat' dir='ltr'>fertilis</span> <span class='ocrx_word' id='word_1_237' title='bbox 466 3983 605 4044; x_wconf 83' lang='lat' dir='ltr'>hortulos</span> <span class='ocrx_word' id='word_1_238' title='bbox 620 4002 743 4047; x_wconf 87' lang='lat' dir='ltr'>coronat</span> <span class='ocrx_word' id='word_1_239' title='bbox 746 3989 770 4067; x_wconf 93' lang='lat'>,)</span> 
     </span>
     <span class='ocr_line' id='line_1_41' title="bbox 152 4068 675 4152; baseline 0.01 -24"><span class='ocrx_word' id='word_1_240' title='bbox 152 4072 308 4152; x_wconf 90' lang='lat' dir='ltr'>Compono</span> <span class='ocrx_word' id='word_1_241' title='bbox 323 4069 438 4150; x_wconf 85' lang='lat' dir='ltr'>lepidos</span> <span class='ocrx_word' id='word_1_242' title='bbox 455 4069 548 4132; x_wconf 86' lang='lat' dir='ltr'>Po&#39;e&#39;ta</span> <span class='ocrx_word' id='word_1_243' title='bbox 565 4068 675 4145; x_wconf 87' lang='lat' dir='ltr'>versus,</span> 
     </span>
     <span class='ocr_line' id='line_1_42' title="bbox 152 4153 768 4238; baseline 0.016 -25"><span class='ocrx_word' id='word_1_244' title='bbox 152 4153 271 4230; x_wconf 82' lang='lat' dir='ltr'>Versus,</span> <span class='ocrx_word' id='word_1_245' title='bbox 295 4177 383 4238; x_wconf 81' lang='lat' dir='ltr'>quos,</span> <span class='ocrx_word' id='word_1_246' title='bbox 407 4156 516 4218; x_wconf 83' lang='lat' dir='ltr'>Clario</span> <span class='ocrx_word' id='word_1_247' title='bbox 512 4155 651 4232; x_wconf 84' lang='lat' dir='ltr'>favente,</span> <span class='ocrx_word' id='word_1_248' title='bbox 677 4158 768 4222; x_wconf 75' lang='lat' dir='ltr'>dosia</span> 
     </span>
     <span class='ocr_line' id='line_1_43' title="bbox 60 4240 692 4326; baseline 0.013 -24"><span class='ocrx_word' id='word_1_249' title='bbox 60 4254 63 4264; x_wconf 86' lang='lat'>&#39;</span> <span class='ocrx_word' id='word_1_250' title='bbox 141 4240 257 4303; x_wconf 74' lang='lat' dir='ltr'>&#39;Forsan</span> <span class='ocrx_word' id='word_1_251' title='bbox 274 4241 424 4326; x_wconf 85' lang='lat' dir='ltr'>posteritas</span> <span class='ocrx_word' id='word_1_252' title='bbox 438 4261 522 4308; x_wconf 82' lang='lat' dir='ltr'>canet</span> <span class='ocrx_word' id='word_1_253' title='bbox 540 4241 692 4326; x_wconf 67' lang='lat' dir='ltr'>probaros&#39;.</span> 
     </span>
     <span class='ocr_line' id='line_1_44' title="bbox 156 4325 654 4414; baseline -0.002 -19"><span class='ocrx_word' id='word_1_254' title='bbox 156 4334 185 4395; x_wconf 79' lang='lat' dir='ltr'>&#39;l</span> <span class='ocrx_word' id='word_1_255' title='bbox 187 4350 203 4392; x_wconf 88' lang='lat' dir='ltr'>e</span> <span class='ocrx_word' id='word_1_256' title='bbox 218 4325 304 4396; x_wconf 67' lang='lat' dir='ltr'>sacrae</span> <span class='ocrx_word' id='word_1_257' title='bbox 320 4333 430 4395; x_wconf 84' lang='lat' dir='ltr'>retinet</span> <span class='ocrx_word' id='word_1_258' title='bbox 444 4333 528 4396; x_wconf 79' lang='lat' dir='ltr'>locus</span> <span class='ocrx_word' id='word_1_259' title='bbox 545 4331 654 4414; x_wconf 80' lang='lat' dir='ltr'>sophiae</span> 
     </span>
     <span class='ocr_line' id='line_1_45' title="bbox 544 4424 621 4486; baseline 0.052 -4"><span class='ocrx_word' id='word_1_260' title='bbox 544 4424 579 4483; x_wconf 84' lang='lat' dir='ltr'><strong>M</strong></span> <span class='ocrx_word' id='word_1_261' title='bbox 604 4441 621 4486; x_wconf 83' lang='lat' dir='ltr'>a</span> 
     </span>
    </p>
   </div>
   <div class='ocr_carea' id='block_1_12' title="bbox 0 0 1493 4884">
    <p class='ocr_par' dir='ltr' id='par_1_13' title="bbox 0 0 1493 4884">
     <span class='ocr_line' id='line_1_46' title="bbox 0 0 1493 4884; baseline 0 0"><span class='ocrx_word' id='word_1_262' title='bbox 0 0 1493 4884; x_wconf 95' lang='lat' dir='ltr'> </span> 
     </span>
    </p>
   </div>
  </div>
 </body>
</html>
