2942 4884
225 230 288 276 102
509 203 541 282 J.
576 197 820 264 pserunt
854 199 1202 289 nurrouantr

388 337 438 398 Te
452 329 593 396 monstret
606 330 714 414 digito,
739 330 822 414 quod
835 332 913 396 inter
927 330 1005 418 ipsos

388 421 505 488 Dottos
520 419 627 483 doctus
639 421 669 480 8<
684 415 744 502 ipse
759 418 945 502 consequaris

388 512 517 593 Linguae
530 509 648 594 delicias
663 528 757 569 meras
774 509 898 574 Latina.

387 602 497 660 Averte
510 595 655 658 auriculas
668 609 732 657 tuas
744 593 847 659 abillo
932 591 935 602 “

387 686 486 748 Plebis
496 685 612 764 judicio
626 683 683 746 levi
697 669 880 766 frequenter.

389 772 422 836 Si
436 773 532 835 laudis
547 769 647 834 solidae
660 773 734 853 peris
745 791 897 850 coronam,

389 857 516 923 Secessus
527 875 604 942 pete,
625 857 778 923 conferent
793 861 823 922 dc
838 859 883 922 illi

389 948 491 1013 Flores
505 947 542 1010 ad
558 947 714 1018 cumulum
728 945 920 1012 venustiores.

391 1033 482 1098 AEdes
496 1056 569 1118 ergo
584 1055 639 1120 age
651 1035 755 1096 civicas
771 1034 914 1117 relinque,
976 1027 979 1036 ’

391 1125 481 1197 Nam,
507 1122 678 1204 mejudice,
703 1142 763 1184 non
778 1121 895 1185 videtur
907 1121 958 1186 ille

392 1209 502 1294 Dignis
517 1207 558 1273 sat
573 1211 703 1294 propriae
714 1207 809 1272 modis
825 1208 942 1274 studere

311 1379 316 1384 .
392 1300 482 1375 Virae,
505 1298 557 1380 qui
570 1297 690 1382 genium
705 1293 792 1360 suum
808 1319 861 1379 per
875 1298 959 1362 urbis

394 1386 523 1449 Cessator
537 1386 647 1448 medias
662 1382 742 1446 louet
759 1387 901 1468 popinas:

393 1475 478 1559 Qin
492 1473 572 1536 ultro
586 1473 737 1556 ingenium
753 1473 824 1534 colit
839 1474 892 1556 qui
907 1493 1060 1538 amoenum

393 1567 515 1625 Intento
529 1560 626 1624 studio
638 1562 669 1622 dc
683 1559 805 1641 quidem
822 1563 950 1641 perenni.

394 1649 455 1712 llic
469 1647 567 1712 forsan
580 1648 683 1710 videor
699 1650 753 1710 tihi
769 1647 918 1724 molestor,
1024 1709 1026 1714 ,
1101 1705 1108 1712 .

397 1741 482 1800 Dum
497 1751 580 1799 totus
594 1757 669 1799 cano
679 1736 854 1798 cantilenam
869 1734 990 1798 candem
1005 1761 1013 1796 ε

399 1827 489 1887 Certe
502 1824 626 1899 candor,
649 1843 732 1886 arnor
747 1837 870 1886 movent
880 1825 1059 1906 jubentque,

302 1925 309 1940 ¹
398 1915 444 1974 Ac
457 1933 536 1975 nunc
547 1913 625 1976 ultra
640 1912 728 1974 eriam
747 1914 905 1994 imperant,
917 1927 956 1974 ut
970 1912 1070 1976 audax
1129 1941 1135 1946 ·

400 1999 543 2077 Scribam,
566 1997 780 2082 sustineamque
795 1997 985 2064 constitutam
1219 1985 1244 2032 ⁸

399 2086 544 2164 Causlam,
567 2084 615 2150 led
630 2087 746 2150 ratione
761 2088 890 2170 quadam
905 2085 1027 2150 honesta

399 2177 471 2250 Hac,
495 2190 528 2237 ut
543 2174 753 2257 pervehemens
770 2176 858 2236 velint
871 2176 963 2238 videri

400 2265 508 2325 Orator
520 2265 617 2345 potius
633 2261 698 2340 tibi,
722 2264 886 2346 imperator
974 2259 975 2264 ’

400 2353 504 2434 Qam
518 2349 666 2413 subdurus
681 2369 747 2432 ego.
793 2353 869 2413 Satis
883 2348 1020 2414 voluutas

400 2439 453 2499 Est
470 2453 569 2501 autem
585 2453 635 2499 tua
648 2440 780 2520 cognita,
804 2453 834 2500 at
845 2437 950 2500 laboro

402 2527 541 2587 Currenti
550 2523 699 2587 stimulum
713 2526 823 2588 addere
836 2527 1039 2609 impetentem.

400 2613 451 2673 Sic
465 2613 566 2675 villam
578 2628 692 2695 repetas
708 2629 789 2676 tuam
805 2615 921 2689 beatus,

400 2699 590 2763 Commislam
615 2721 652 2763 ue
666 2701 720 2764 tibi
733 2700 813 2764 sacro
826 2718 963 2784 patrono.

403 2788 552 2851 Delendas
565 2722 708 2872 qlerulos
720 2792 787 2871 pius
801 2791 933 2854 clientes.

402 2879 449 2938 Te
467 2878 632 2939 Grantania
647 2878 819 2960 praedicabit
834 2877 893 2949 illa,

401 2968 472 3049 Qa
485 2964 571 3027 floret
585 2964 693 3026 Schola
708 2962 836 3028 maxime
849 2961 965 3037 diserta,

403 3055 529 3134 Linguae
543 3054 572 3114 &
588 3051 715 3136 gloriola
729 3049 883 3134 utriusque
896 3050 1024 3135 pollens.

402 3141 565 3202 Venatoria
580 3154 608 3202 te
623 3138 723 3205 statim
738 3138 892 3223 obviisque
963 3143 967 3156 ’

371 3262 373 3265 -
404 3230 488 3289 Gens
500 3226 686 3310 amplexibus
700 3225 840 3290 advolans
851 3225 966 3294 fovebit

405 3315 526 3390 Vivum,
551 3329 616 3377 tum
635 3315 775 3378 reducem
791 3315 845 3379 fibi
859 3315 1065 3398 valentemque

404 3403 481 3465 Hinc
495 3403 565 3465 inde
578 3403 742 3485 accipient:
766 3403 893 3466 libenter
907 3425 980 3486 ergo
995 3405 998 3412 '

406 3490 552 3553 Seceslum
564 3491 690 3564 celebra,
713 3491 848 3574 relinque
863 3492 893 3552 dc
907 3491 1023 3555 urbem.

678 3579 775 3658 Qase
788 3600 904 3642 carmen
920 3578 1061 3641 Borbonii.

244 3687 255 3696 ·
354 3717 358 3726 .
469 3663 536 3727 Alia
550 3666 718 3729 Barbonius
733 3666 904 3730 modulatur
918 3666 1048 3728 carmina
1059 3681 1150 3738 vates,

497 3755 607 3839 Qualia
620 3775 715 3838 quum
729 3754 866 3828 moritur,
890 3754 1019 3817 concinit
1033 3753 1118 3816 albus
1131 3751 1207 3816 olor.

656 3844 691 3904 In
709 3841 828 3926 ffgiem
844 3847 884 3906 D.
899 3844 1076 3924 Hieronymi.

409 3931 525 4051 Dlve
540 3941 605 3990 tuos
618 3949 708 3992 cerno
721 3933 836 4012 quoties
847 3932 1027 4012 Hieronymo
1042 3928 1152 4004 vultus,

507 4016 668 4100 Scriptura
684 4020 771 4080 toties
786 4017 873 4080 ardeo
887 4039 987 4080 amore
1002 4014 1100 4080 sacrae.

625 4104 675 4165 Ad
686 4105 815 4168 sessorem
829 4105 863 4188 de
877 4107 968 4189 Cyngi
982 4105 1108 4189 querela.

411 4187 587 4308 PAlladias
602 4189 704 4254 misere
721 4191 867 4258 facundus
884 4198 1005 4276 Cygnus
1020 4197 1152 4256 Athenas

487 4279 617 4361 Ingeniis
634 4281 771 4364 queritur
785 4303 844 4348 non
856 4281 1001 4372 ¹superesse
1018 4282 1114 4352 bonis.

1301 4364 1394 4452 Qu
