2942 4884
146 239 241 315 ,²44

484 222 797 288 RICHARDI
842 223 1105 288 PARKERI

301 363 324 394 “
338 349 465 418 Dioeces.
481 353 552 436 ipsis
566 352 702 415 dedimus
716 352 827 414 intuitu
844 353 1005 438 charitatis,
1022 354 1053 414 dc
1067 353 1165 433 plures
1178 350 1248 414 dare
1261 369 1333 434 pro·

190 473 210 494 ·-
303 452 324 481 “
341 447 511 526 ponimus.’'
534 446 608 503 Nec.
623 440 686 503 Mr.
711 439 740 502 &
766 443 844 502 Socii
870 438 923 501 suo
938 457 1073 522 tempore
1089 438 1261 513 defuerunt,
1277 437 1336 521 qui

306 553 401 609 1440,
425 533 507 593 18v⁰.
524 531 643 592 Henrici
659 528 752 600 Sexti,
784 527 848 610 ipso
873 531 956 612 Rege
981 527 1190 605 intercedente,
1215 527 1231 589 a
1253 530 1338 609 Papa

304 621 441 701 Eugenio
455 627 510 692 ato·
525 620 724 696 impetrarunt
745 619 940 678 annexionem
956 616 1102 678 Resloriae
1129 616 1168 677 de
1192 612 1336 677 Chester·

304 723 357 769 ton
375 727 466 788 prope
478 705 712 786 cantabrigiam,
736 721 807 783 quae
818 706 886 782 jure
902 704 1063 766 Pontificio
1086 701 1144 764 suit
1159 720 1243 764 antea
1259 705 1337 762 Ver·

304 793 419 857 cellensi
437 790 614 854 Monaslerio
636 792 846 872 appropriata;
871 813 904 856 ac
926 793 995 854 licet
1009 791 1166 854 Gulielmo
1182 787 1336 872 Episcopo

249 911 252 918 ·
304 879 520 944 Mediolanensi
536 901 586 960 per
602 881 635 940 P.
658 881 692 940 P.
713 877 879 940 Matrinum
897 889 980 962 Smin.
996 879 1203 941 commendata
1226 874 1333 951 fuerit,

306 985 406 1032 tamen
430 989 481 1050 per
506 965 679 1048 praedisium
706 969 879 1046 Eugenium
901 972 916 1031 it
935 967 1102 1028 Guilielmo
1124 983 1187 1028 erat
1207 979 1336 1040 extorta,
1438 1035 1448 1043 „

306 1056 463 1140 postquam
475 1055 515 1117 ob
526 1056 590 1134 ejus
602 1053 893 1118 animum‘Basrliensr
904 1055 1051 1127 Concilio,
1064 1075 1159 1138 quum
1168 1054 1338 1117 Ferrariam

303 1148 366 1226 jam
382 1144 551 1205 transsatum
566 1141 645 1219 esset,
670 1141 755 1204 nimis
770 1157 930 1217 attentum,
953 1143 982 1203 81
1001 1163 1099 1203 errore
1115 1141 1251 1214 Amadei,
1275 1141 1351 1221 pri--

306 1237 348 1295 mi
364 1233 456 1292 Ducis
469 1231 633 1300 Subandiae,
656 1228 742 1290 elecli
755 1233 851 1312 Papae,
877 1229 964 1292 titulo
980 1230 1084 1292 Felicis
1101 1227 1150 1312 gri,
1165 1229 1334 1302 imbutum,

193 1333 194 1336 ’
308 1320 347 1381 ab
362 1317 541 1401 Episcopatu
557 1315 768 1379 Mediolanensi
784 1335 899 1380 amotus
915 1317 993 1381 esset.
1040 1322 1074 1378 In
1091 1317 1146 1378 hac
1160 1317 1241 1377 Aula
1256 1316 1339 1378 Socii

306 1423 395 1469 aetate
411 1407 609 1488 provestiores
624 1406 898 1488 commorabantur,
916 1420 997 1466 tanta
1010 1407 1164 1488 gravitate,
1190 1418 1339 1484 tantoque

308 1494 433 1558 consilio
447 1495 599 1576 pollentes,
625 1510 659 1554 ut
681 1493 854 1576 Collegium
880 1493 945 1566 hoc,
970 1491 1052 1574 quasi
1078 1490 1279 1557 Universrtatis
1294 1494 1340 1552 0-

309 1583 454 1654 raculum,
480 1596 552 1642 tunc
568 1582 708 1665 temporis
723 1580 895 1642 haberetur.'
926 1583 1027 1662 Atque
1043 1597 1076 1642 ut
1088 1601 1163 1660 opus
1174 1580 1260 1662 plane
1275 1581 1338 1639 Re·
1458 1616 1460 1619 .

293 1688 302 1702 ’
309 1669 397 1754 glum
413 1668 555 1749 prodiret,
580 1669 644 1729 haec
660 1667 736 1728 Aula
760 1683 820 1730 tam
838 1667 996 1753 magnifica
1018 1666 1166 1729 slrusiura
1186 1667 1339 1728 excitaba-

312 1776 372 1831 tur,
388 1774 423 1818 ut
438 1757 514 1836 Regi
530 1756 681 1818 Richardo
696 1755 843 1829 Secundo,
860 1777 958 1838 quum
973 1756 1007 1816 ad
1023 1757 1152 1818 Comitia
1168 1751 1342 1816 Parlumen·

312 1847 387 1927 taria
401 1840 600 1928 Cantabrigiae
616 1843 716 1907 habita
733 1843 894 1920 accederet,
918 1841 1094 1926 excipiendo
1109 1839 1265 1907 sufficeret.

588 2013 767 2121 Mugtstri
790 2016 901 2100 Aulae
924 2015 1064 2123 Regia.

314 2205 344 2254 1.
437 2193 475 2252 R.
493 2188 631 2252 Thomas
645 2189 753 2251 Powis.

400 2324 403 2331 ,
460 2298 488 2342 2.
503 2281 563 2338 Mr.
581 2278 717 2338 Thomas
734 2270 899 2351 Hetherset,
922 2275 1093 2340 Academiae
1109 2275 1326 2342 Cancellariut.

357 2382 389 2445 3.
413 2365 475 2429 Mr.
494 2363 674 2445 Radulphus
687 2363 794 2425 Selbie.
1248 2375 1250 2386 '

355 2471 388 2531 4.
412 2456 473 2516 Mc.
490 2452 658 2512 Richardus
674 2452 824 2511 Dearham
840 2454 894 2526 Dr,
912 2449 1083 2516 Academiae
1099 2451 1308 2518 Cancellarius.
1413 2452 1416 2462 ’

359 2556 390 2620 5·
412 2543 471 2600 Mt.
489 2543 619 2614 Joannes
632 2542 733 2609 Stone,
759 2541 937 2600 Secretarius
953 2543 1030 2624 Regi
1043 2541 1172 2603 Henrico
1189 2551 1245 2623 510·

360 2628 391 2688 6.
408 2628 651 2689 scribebamus
667 2625 800 2688 Holmes.
841 2645 846 2658 ⁸

359 2732 390 2792 7.
414 2717 472 2779 Mr.
489 2716 638 2777 Robertus
654 2713 803 2795 Fifzhuglr
820 2717 876 2789 Dr,
895 2713 1063 2778 Academiae
1076 2713 1288 2777 Cancellarius.

358 2805 390 2863 8.
414 2805 472 2863 Mr.
491 2795 657 2864 Ricliardus
673 2801 820 2882 Catvdrey
837 2806 892 2875 Dr,
910 2805 1078 2864 Academiae
1094 2803 1305 2866 Cancellarirm.

356 2911 389 2972 9.
413 2893 473 2950 Mr.
492 2892 642 2951 Robertus
658 2887 811 2970 Asconglr,
836 2891 1003 2952 Academia
1019 2891 1228 2954 CancellariuS.
1261 2911 1263 2918 ’

363 2997 412 3041 10.
436 2978 498 3038 Mr.
518 2978 684 3039 Richardus
697 2974 843 3059 Listrope.

364 3084 413 3127 11.
438 3067 496 3124 Mt.
517 3068 660 3124 isenricus
673 3064 774 3125 Boosl.
943 3063 947 3068 ’

365 3172 414 3215 12.
439 3155 499 3213 Mt.
516 3153 684 3213 Riclrardns
701 3151 727 3212 le
745 3157 875 3234 Scroope
891 3153 983 3231 (filius
998 3167 1070 3214 natu
1085 3154 1182 3218 minor
1197 3152 1345 3217 Richards

317 3241 442 3302 Batonis
459 3239 486 3300 le
510 3245 639 3321 Scroope
658 3241 694 3302 de
716 3239 825 3300 Bolton
847 3242 878 3300 in
895 3245 981 3303 Com„
1002 3243 1121 3304 Richm.
1147 3243 1265 3302 Summi
1279 3245 1344 3303 An·

316 3329 384 3409 gliae
399 3328 581 3401 Cancellarii,
606 3330 635 3388 &
653 3324 743 3388 frater
757 3329 860 3405 junior
872 3329 1014 3389 Gulielmi
1030 3329 1056 3389 le
1072 3333 1202 3411 Scroope
1216 3331 1345 3392 Comitis

317 3415 480 3488 Wiltonrae,
505 3417 682 3496 Summique
698 3415 815 3496 Angliae
828 3411 1016 3476 Thesaurarii
1027 3414 1079 3478 sub
1096 3417 1247 3479 Richardo
1264 3415 1341 3500 νὴ)

318 3506 386 3564 LL.
396 3504 451 3575 Dr,
469 3506 500 3564 in
515 3502 573 3582 ipsa
586 3501 737 3563 Pontificis
750 3503 840 3563 Curia
853 3502 1012 3565 advocatus
1025 3524 1084 3565 non
1100 3504 1232 3580 infimuS,
1244 3503 1345 3585 postea

319 3587 484 3671 Episcopus
500 3588 715 3651 Coventriensrs
731 3591 759 3649 8c
775 3582 1010 3662 Lichseildensrs,
1034 3591 1120 3653 Anlae
1143 3594 1246 3674 Regiae
1267 3593 1347 3652 Prae·

318 3677 425 3752 fedus,
443 3699 477 3738 ac
493 3681 615 3738 saniem
630 3675 826 3756 Arcbipraesul
840 3677 1039 3740 Eboracensrs.
1059 3679 1113 3740 llle
1128 3680 1164 3740 ud
1180 3677 1247 3742 suos
1259 3681 1346 3744 Dioe-

319 3761 437 3826 cesanos
450 3765 561 3845 scripsit
575 3766 605 3823 su
612 3785 660 3844 per
674 3763 819 3845 Epislolas
834 3766 1032 3846 quotidianas,
1056 3782 1145 3848 atque
1160 3767 1346 3830 Invefflvam

204 3863 213 3875 ¹
321 3854 351 3913 in
369 3855 478 3932 Regem
505 3856 764 3928 Henrrcummum·
804 3855 934 3913 Demum
958 3873 1024 3914 cum
1052 3857 1187 3916 Roberto
1209 3855 1345 3937 quodam

320 3933 490 4020 Plimptono
502 3942 610 4020 Equire
626 3940 741 4011 ¹audaci,
755 3955 844 4022 atque
858 3941 920 4002 aliis
932 3943 1179 4018 conjuratoribus,
1196 3942 1348 4024 populum

318 4026 534 4089 Eboracensem
559 4029 587 4087 8<
614 4027 854 4100 Dunclmcnsem‚
887 4028 1033 4106 adjunctis
1054 4031 1142 4090 etiam
1168 4033 1276 4102 Scotis,
1307 4029 1347 4092 ad

316 4111 515 4179 defessionem
533 4113 704 4187 solicitabat,
729 4113 776 4175 sed
804 4113 861 4176 suae
879 4115 1056 4197 proditionis
1072 4118 1209 4178 meritam
1231 4119 1347 4198 accepit

218 4278 220 4289 ,
314 4217 425 4262 mortis
448 4223 576 4281 poenam.
623 4205 698 4262 Nam
723 4203 764 4263 ob
790 4202 848 4265 hoc
870 4203 1085 4284 perduellionis
1112 4206 1222 4267 crimen
1251 4225 1346 4286 prope

313 4308 415 4352 muros
429 4289 519 4354 Urbis
534 4289 725 4354 Eboracenfis
750 4289 849 4358 didus
872 4295 939 4357 Rex
959 4291 1051 4356 illum
1073 4291 1209 4360 decollari
1234 4309 1345 4396 praece·

530 4417 533 4421 ›
1236 4397 1240 4402 ·
1297 4395 1344 4464 prt
