2942 4884
8 389 10 422 l

276 255 631 344 ANTIQUARII
666 256 898 324 CODRUS.

77 385 303 476 magnanimum
325 410 426 474 regem
451 390 634 471 provocarit,
655 404 691 453 ut
704 389 743 454 de
757 388 958 475 perquirendo
976 389 1039 472 ejus
1052 385 1096 456 se·

78 481 199 564 pulchro
214 481 372 561 cogitaret.
421 478 490 540 Sedx
502 477 634 540 filiorum
659 479 811 563 iniquitas,
834 501 906 563 quae
922 476 1098 542 omniafere

74 567 186 631 confilia
201 567 324 628 Henrici
340 569 432 649 patris
447 566 674 642 interturbabat,
702 564 801 630 forsan
815 569 845 630 ἃ
860 567 931 631 huic
946 566 1098 650 proposito

77 653 181 718 obfuit.
227 654 321 740 Qud
338 671 436 716 tamen
455 656 572 718 vivente
587 670 672 736 patre
687 654 923 736 praetermissum,
944 659 978 718 in
994 655 1098 736 primia

75 742 170 826 postea
184 745 271 804 annis
286 742 402 824 imperii
415 743 569 818 Richardi,
584 745 647 822 ejus
658 742 722 818 filii,
739 741 894 825 perustum
901 740 954 806 est.
977 746 1099 806 Motote

74 833 172 914 igitur,
197 846 342 912 quantam
358 830 528 910 eonjestuta
542 827 664 913 adsequi
688 831 814 912 possum,
838 828 993 895 Richardo
1016 850 1097 913 rege,

74 920 217 982 Heuricus
240 919 277 979 de
293 919 419 992 Soliaco,
441 919 532 981 abbas
547 919 813 1003 Glessoburgensrs,
835 921 960 996 curavit,
983 936 1019 980 ut
1039 913 1099 980 sos·

8 1005 9 1017 ’
75 1003 149 1069 sores
164 1019 272 1068 terram
289 1005 347 1067 alte
362 1021 516 1088 egererent
540 1009 617 1070 inter
638 1008 711 1070 duas
725 1003 828 1070 sacras
851 1007 1008 1070 columnas
1021 1007 1100 1069 anti·

75 1094 199 1178 quislimi
214 1095 245 1154 δι
263 1092 463 1175 elegantiffimi
479 1096 576 1175 operis
592 1097 679 1158 etiam
693 1115 776 1158 nunc
790 1110 933 1170 extantes,
956 1113 1020 1177 quo
1033 1097 1102 1158 loco

76 1179 151 1244 sama
164 1196 252 1242 vetus
266 1181 445 1244 adfirmabat
465 1185 624 1244 Atturium
647 1180 732 1244 suisle
757 1180 917 1266 sepultum.
960 1185 1127 1285 Cuptqtte'

8 1259 9 1324 f
74 1271 132 1351 jam
157 1267 335 1350 aliquandiu
359 1268 508 1344 sedissent,
532 1273 771 1352 necquicquam
787 1268 898 1332 ossium
919 1269 1101 1346 inremssent,

77 1358 163 1442 coepit
176 1357 270 1420 abbas
286 1354 447 1438 desperare.
493 1358 705 1422 NibIllominus
719 1359 840 1422 fossores
859 1357 942 1438 jullit
955 1358 1040 1440 operi
1054 1356 1101 1422 in·

78 1447 226 1516 cumbere,
250 1447 334 1527 quod
353 1462 411 1507 tam
434 1444 486 1508 diu
502 1445 645 1522 fecerunt,
671 1447 767 1510 donec
789 1445 828 1506 ad
841 1463 981 1510 cavatum
993 1445 1101 1523 robur,

8 1562 9 1570 κ
79 1531 189 1617 dequo
204 1529 337 1612 superius
353 1534 471 1594 locutus
483 1529 556 1606 sum,
581 1536 777 1616 pervenirent.
825 1533 1102 1596 Tumreroabbaa
1149 1612 1153 1617 ι
1209 1541 1213 1559 “

79 1641 137 1703 prae
152 1619 269 1704 gaudio
280 1620 393 1693 exilire,
419 1623 447 1682 ἃ
465 1638 579 1684 tanturn
596 1642 654 1684 non
671 1623 848 1698 lachrimari,
864 1625 991 1703 locaque
1003 1618 1103 1684 vicina

80 1705 293 1792 diligentissime
307 1706 438 1773 scrutari.
484 1712 583 1772 Prcter
609 1725 707 1774 cetera
733 1727 831 1772 tamen
851 1709 953 1772 oculos
971 1710 1002 1772 in
1016 1726 1103 1772 cruce

79 1795 220 1878 plumbea
234 1795 394 1880 defigebat,
418 1797 568 1878 verbaque
582 1794 775 1880 inscriptionis
788 1799 922 1871 eruebat,
944 1815 1014 1878 quae
1026 1815 1104 1878 quo·

81 1885 154 1946 niam
170 1881 305 1966 superius
328 1881 344 1945 ὲ
364 1903 411 1944 me
425 1881 529 1965 scripta
544 1884 607 1946 sunt
624 1883 730 1947 sruslra
745 1881 788 1948 est
803 1883 852 1946 hic
865 1900 1007 1965 repetere.
1052 1887 1105 1948 In·

80 1968 249 2034 rentasunt
270 1973 299 2034 bt
324 1971 430 2034 eodem
457 1989 589 2052 tempore
615 1974 673 2034 otia
697 1977 858 2045 Guenorae,
882 1990 915 2034 ut
938 1972 1105 2036 constanter

81 2055 246 2132 adfirmant,
263 2059 383 2142 reginae.
429 2056 496 2122 Visa
512 2082 634 2142 quoque
650 2067 723 2122 vitta
740 2065 865 2143 integra,
888 2080 956 2143 quae
970 2059 1104 2142 capillos,

82 2163 163 2232 grata
177 2148 313 2232 quadam
326 2148 465 2210 varietate
476 2149 504 2211 in
522 2152 635 2211 nodum
648 2148 795 2222 collesios,
813 2148 994 2226 implicabat,
1006 2147 1106 2210 donee

84 2255 156 2316 nnus
170 2256 210 2298 ex
226 2235 327 2298 multis
343 2237 514 2298 temerarius
529 2257 595 2298 eam
612 2235 693 2298 tasin
709 2237 741 2297 in
759 2235 868 2298 cineres
894 2231 1024 2298 resolvit..
1043 2235 1106 2297 De·

8 2369 10 2424 p
84 2323 170 2405 nique
183 2323 252 2407 pius
266 2321 356 2384 abbas
371 2319 526 2404 utriusque
539 2327 597 2386 otia
614 2327 643 2385 in
660 2339 770 2386 novam
781 2321 942 2396 basilicam,
955 2343 1015 2387 non
1030 2322 1107 2384 dum

84 2407 222 2474 &recenti
248 2409 480 2493 conflagratione
507 2413 591 2492 plene
616 2411 792 2486 restitutam,
815 2409 973 2477 transtulit.
996 2407 1106 2490 &syn-

9 2543 10 2558 ,
85 2495 208 2560 donibus
233 2497 368 2560 inuoluta
391 2493 546 2581 separatim
571 2499 602 2561 in
622 2497 698 2562 cistis
725 2520 786 2562 non
801 2499 859 2570 stne
873 2499 991 2580 Assyriis
1004 2496 1108 2562 odori·

9 2609 11 2652 t
84 2584 137 2648 bus
150 2583 295 2648 condidit.
339 2587 401 2648 Nec
423 2588 520 2648 multo
546 2585 610 2668 post
634 2587 833 2650 honorificum
859 2588 889 2650 &
908 2585 1030 2650 adfabre
1042 2583 1107 2650 fac·

85 2687 145 2736 tum
160 2692 200 2736 ex
216 2672 317 2754 Lydio
331 2693 480 2736 marmore
499 2671 687 2755 sepulchrum
708 2677 814 2749 erexit,
837 2675 867 2736 iu
882 2694 946 2756 quo
959 2672 1037 2736 cistae
1050 2674 1108 2738 ob·

9 2821 10 2850 ,
86 2757 181 2824 setatae
196 2762 230 2822 in
241 2760 323 2823 hunc
337 2757 431 2844 usque
446 2762 526 2824 diem
543 2761 704 2827 servantur.
736 2767 780 2822 tte
793 2763 847 2823 hac
861 2761 976 2824 Arturii
987 2761 1108 2824 transla-
1130 2823 1138 2831 ,

9 2903 10 2931 ,
87 2847 162 2910 tione
185 2843 295 2910 scribit.
311 2850 437 2932 quidam
462 2851 626 2912 monachus
654 2847 916 2933 Glelloburgensts,
939 2850 1026 2926 cujus
1050 2867 1110 2932 ego

48 2961 50 2967 ·
87 2951 147 2998 ante
160 2935 279 3018 aliquot
298 2937 524 3004 annoslibrum
539 2938 594 3014 legi
612 2934 750 3000 adsutum
775 2938 853 3000 libro
867 2937 1013 3001 Gulielmi
1029 2938 1109 2998 Mel-

86 3021 222 3086 dunensts
245 3019 284 3085 de
309 3024 484 3105 pntiquitate
498 3025 751 3104 Glcssoburgensr‚
774 3023 829 3107 qui
849 3043 918 3088 ante
932 3025 1107 3088 transsatum
1214 3045 1218 3055 ’

85 3112 244 3174 Arturium
257 3110 344 3174 obiit.
367 3112 450 3206 Qid
462 3113 544 3194 quod
560 3113 701 3174 Giraldus
713 3111 908 3186 Cambrenfis,
918 3127 1008 3176 autor
1020 3113 1108 3176 bonae

86 3196 164 3275 fidei,
188 3197 304 3282 quique
318 3199 452 3260 interluit
468 3201 613 3282 viditque,
637 3201 707 3262 huic
730 3202 911 3264 translationi
924 3197 1106 3264 subscribit?

88 3289 223 3350 Donatus
245 3286 334 3348 etiam
360 3287 465 3350 Gallus
491 3289 521 3349 in
548 3285 605 3348 suis
631 3289 786 3350 annalibus
808 3288 911 3353 eadem
936 3287 1108 3354 confirmat.

87 3375 158 3437 Haec
172 3371 275 3436 tamen
300 3376 449 3436 translatio
470 3375 560 3456 lorgo
583 3375 646 3457 post
666 3393 800 3458 ternpore
814 3373 992 3461 quibusdam
1006 3382 1038 3440 in
1052 3377 1110 3440 du·

86 3461 167 3524 bium
182 3459 331 3544 veniebat,
375 3465 476 3548 Qare
498 3467 676 3526 Edonrraus
700 3467 838 3547 Longus,
861 3468 980 3530 Henrici
997 3486 1027 3546 3.
1050 3468 1113 3528 An·

88 3547 207 3634 giorum
227 3551 304 3632 regis
319 3547 407 3622 silius,
431 3572 532 3615 verum
547 3555 716 3632 extculprre
733 3552 915 3634 percupiens,
938 3552 1113 3615 Gleslobur·

88 3656 161 3722 gum
176 3655 258 3699 anno
273 3637 289 3696 a
304 3636 424 3700 Christo
439 3659 509 3704 nato
530 3642 623 3714 1276.
642 3644 730 3712 venit,
755 3646 794 3707 ur,
818 3655 924 3722 aperto
945 3637 1115 3721 sepulchro·

90 3721 227 3808 cistisque
245 3720 388 3800 reseratis,
415 3729 525 3787 Arturii
542 3730 571 3789 8r
586 3731 739 3792 Guenorae
754 3729 813 3790 ossa
835 3747 980 3790 unacum
995 3723 1115 3808 inscrip-

92 3811 223 3874 tionibus
244 3812 366 3885 iuvcnit,
391 3815 532 3876 &avidis
558 3817 752 3878 contristavit
780 3815 927 3877 manibus.
972 3814 1056 3888 Idem
1071 3811 1115 3876 se·

90 3899 139 3973 cit,
163 3895 306 3980 praesente
321 3919 398 3983 rege,
423 3899 566 3964 Henric'us
584 3905 702 3975 Lucius,
719 3923 817 3965 comes
833 3900 1001 3976 Lindenfis,
1017 3921 1116 3964 comet

92 3987 179 4050 etiam
195 3985 363 4063 Sabaudiae,
388 3991 440 4072 qni
455 3986 523 4052 casu
546 3989 654 4064 adsuit,
679 4005 712 4052 ut
725 3993 862 4052 omittam
884 3990 1118 4056 nobilitatem&

12 4087 13 4094 ’
95 4073 222 4158 plebem,
246 4095 317 4158 quae
330 4075 437 4140 eadem
452 4098 511 4139 non
527 4075 586 4140 fine
603 4097 792 4159 magnacum
810 4078 967 4158 voluptate
981 4091 1046 4140 turn
1062 4075 1117 4139 ad·

12 4165 13 4184 ³
95 4163 248 4224 miratione
269 4160 398 4226 videbat.
444 4163 584 4228 Tandem
608 4165 778 4250 venerandae
803 4165 938 4248 reliquiae
959 4160 1017 4226 suis
1030 4183 1119 4247 repo·

12 4235 14 4308 l
97 4247 154 4312 fitae
167 4247 255 4311 cisiis.
301 4251 363 4314 Sed
377 4254 477 4314 crania
493 4251 646 4333 utriusque
666 4251 739 4315 soris
758 4251 860 4316 retitta
882 4249 1019 4336 sunt‚.ut
1029 4266 1119 4335 grato

13 4341 15 4446 ἐ
101 4337 222 4423 populo,
245 4333 318 4402 illuc
333 4339 507 4416 confluenti,
528 4335 545 4401 s
541 4339 698 4423 peuacuto
711 4341 812 4407 essent.
852 4339 908 4413 ,Ab
928 4338 982 4408 illo
995 4357 1060 4402 mos
1073 4340 1120 4401 in·

13 4545 15 4602 l

13 4621 16 4684 l

139 4425 290 4500 tout,
601 4427 624 4497 B
1017 4425 1120 4504 olevit,
