2942 4884
244 261 310 313 too

514 243 545 324 J.
581 240 826 310 rubrum
861 239 1208 329 Aurrounnrr.

410 381 451 444 Et
465 376 562 443 secum
577 381 608 442 in
625 380 753 461 patriam
767 375 879 440 lumina
894 378 1019 454 rettulit,
1127 433 1136 439 .

410 472 477 531 Aut
492 468 606 547 (rerum
621 463 656 527 ut
671 464 777 545 fatear)
794 465 918 526 numina
933 467 1051 532 rebius.

414 557 527 637 Ecquis
541 552 680 617 lucidulis
695 551 841 615 candidus
856 554 929 613 unio

412 641 546 704 Conchis
561 643 692 720 innitet4?
717 641 829 722 Ecquis
845 639 918 701 mihi
932 636 1067 722 fulgidus

412 732 528 792 erus
542 742 725 810 concrepitat
739 726 899 790 frondibus
914 732 1032 790 aureis?
1131 777 1133 795 .

413 819 493 878 Cum
509 837 571 898 quo
585 814 715 900 peiioris
731 813 862 896 ingentia
876 815 986 898 gaudia

413 905 582 966 Plaude-ntis
597 902 745 966 celebrem
760 907 770 962 ἒ
794 907 873 988 Qae
888 905 962 964 mihi
976 900 1116 968 consonae

285 1003 290 1017 ’
414 989 507 1052 Musae
518 992 595 1053 clara
609 989 705 1052 serent
714 995 856 1064 carmina,
880 993 966 1072 queis
980 1011 1038 1076 ego

414 1081 518 1141 Pacaeo
531 1078 631 1140 reduci
646 1079 776 1162 gratuler
791 1079 915 1140 intime?

415 1170 516 1252 Qem
529 1163 683 1228 absentem
696 1162 807 1228 miseris
822 1165 943 1228 vocibus
959 1165 1066 1230 ambiit

416 1254 588 1316 Dosiorum
601 1255 721 1326 chorus,
744 1255 773 1313 Ο
788 1251 883 1314 sidera
896 1275 1081 1336 conquerens

216 1311 242 1386 '³
316 1371 324 1389 ·
415 1341 472 1403 Vel
486 1341 628 1403 crudelia.
673 1345 775 1426 Qaem
787 1337 955 1422 splendidus
970 1339 1088 1424 insuper

415 1429 626 1510 Nympharum
640 1447 784 1489 numerus
798 1440 885 1488 notus
897 1419 1033 1509 Apolliui

416 1513 577 1578 Absentem
596 1513 726 1579 indoluit
741 1513 871 1577 mirificis
888 1515 996 1578 modis.

417 1608 519 1688 Qem
534 1601 645 1664 salvum
659 1622 693 1663 ac
707 1603 845 1664 reducem
861 1599 950 1664 visere
964 1600 1088 1686 gestiens

422 1696 508 1752 Grex
522 1707 608 1751 uatus
622 1688 736 1766 studiis,
759 1688 910 1772 plausibus
927 1690 1045 1754 assonat.

419 1783 521 1863 Qem
535 1775 631 1839 Musae
645 1776 784 1840 reducem
794 1776 922 1860 denique
933 1775 948 1838 s
945 1776 1094 1858 plendidae

420 1866 540 1927 Vinsiae
554 1864 712 1948 purpureis
727 1882 862 1946 tempora
876 1864 1013 1941 floribuS,

420 1958 543 2015 Certant
555 1953 736 2015 carminibus
751 1952 799 2015 vel
814 1968 859 2014 ter
869 1953 1028 2016 ovantibus

421 2042 470 2103 Ad
486 2041 553 2103 coeli
569 2038 658 2103 nitidi
673 2040 779 2103 tollere
793 2040 938 2104 culmina.

486 2150 661 2225 Instatuam
679 2150 803 2229 Joannis
818 2150 915 2226 Coleti,
925 2149 997 2229 farri
1012 2149 1129 2214 Paulini
1144 2152 1267 2218 Decani.

422 2258 596 2382 Eloquio
606 2257 729 2336 juvenes
745 2255 798 2317 ubi
814 2254 920 2317 Lillius
936 2255 987 2318 ille
1001 2257 1115 2338 polivit,

496 2349 533 2405 In
547 2342 642 2405 statua
656 2339 756 2423 spiras,
779 2361 885 2425 magne
900 2342 1014 2419 Colere,
1030 2358 1091 2406 tua.

421 2435 522 2516 Qam
537 2430 559 2490 sr
573 2428 736 2492 Praxiteles
751 2428 859 2495 stctffet
875 2450 999 2514 magnus
1014 2431 1043 2494 ἃ
1058 2432 1121 2509 ille,

419 2529 427 2541 '
467 2516 598 2580 Forsitan
609 2517 759 2598 aequalset,
783 2539 843 2580 uon
858 2515 1013 2600 superasset
1027 2539 1116 2602 opus.

424 2609 488 2668 Hac
502 2603 579 2666 salva
592 2603 698 2677 statua,
721 2603 815 2666 divini
830 2601 927 2668 forma
942 2604 1040 2668 Coleti

464 2691 666 2776 Temporibus
677 2690 776 2777 longis
789 2713 851 2756 nott
866 2693 994 2776 peritura
1008 2707 1116 2760 manet.

708 2805 758 2868 Ad
770 2805 911 2885 Joamrem
923 2809 1074 2871 Diconum.

481 2910 599 2972 Ximius
613 2905 704 2972 nostri
717 2909 827 2984 cultor,
851 2911 975 2984 Dicone,
998 2907 1079 2973 fuisti

511 2999 660 3072 Nominis,
682 2998 807 3059 eximius
821 2996 917 3060 cultor
931 2999 959 3058 &
975 2993 1034 3080 ipse
1050 2998 1106 3060 tui.

426 3090 508 3166 Saepe
523 3084 579 3146 tibi
594 3106 688 3167 nugas
702 3082 815 3146 nostras
829 3086 950 3148 recitare
965 3082 1104 3161 solebam,

469 3176 554 3254 Saepe
569 3171 640 3234 mihi
654 3192 749 3255 nugas
760 3188 793 3234 tu
805 3174 928 3236 recitare
942 3187 1017 3235 tuas.

424 3257 580 3322 Posteritas
594 3261 685 3341 igitur
699 3261 808 3322 merito
823 3259 979 3328 testabitur
993 3256 1066 3343 ipsa,

466 3350 587 3411 Numen
599 3344 735 3411 amicitia:
753 3368 807 3410 nos
818 3347 937 3412 coluisse
952 3346 1048 3430 pium.

788 3466 839 3530 Ad
850 3468 989 3549 Cygnum.

428 3562 583 3694 Cane,
605 3561 750 3627 coronasti
766 3563 853 3624 viridi
867 3583 932 3624 mea
947 3575 1082 3646 tempora
1096 3563 1175 3638 cillo,

522 3656 561 3713 Et
575 3671 640 3713 mea
653 3648 721 3718 sunt
737 3651 852 3712 hedcrae
874 3665 1009 3726 munera,
1027 3653 1141 3735 Cygne,
1159 3649 1225 3716 tibi.

427 3736 553 3801 Crescite
567 3736 667 3801 felices
681 3737 806 3811 hederae,
829 3735 924 3799 felicia
938 3755 1039 3800 rutum

468 3827 603 3903 Praemia,
626 3825 762 3888 nonullo
777 3825 943 3908 deperitura
958 3827 1018 3889 die.

682 3943 732 4006 Ad
745 3943 879 4006 Thrmrrr
898 3943 1048 4008 Milonem.

427 4043 588 4166 Dicerer
601 4043 618 4105 ri
631 4043 745 4106 cunsiis
759 4046 868 4106 merito
882 4043 1087 4126 ingratissimus
1103 4044 1169 4123 esse,

528 4136 558 4193 Si
573 4153 633 4194 non
648 4131 781 4194 laudaret
796 4145 901 4192 remea
917 4129 1013 4206 Musa,
1038 4131 1125 4196 Milo.

425 4223 480 4284 Tu
497 4240 543 4280 me
559 4221 604 4282 vel
621 4221 726 4280 teneris
741 4220 822 4278 annis
837 4233 968 4298 utroque
986 4235 1108 4300 parente

467 4308 586 4372 Orbum
599 4303 744 4391 accepisti,
767 4306 814 4370 vel
830 4307 936 4391 pietate
950 4327 1043 4370 mera.
