2942 4884
406 663 411 672 v
542 641 759 725 VITA

140 837 678 933 oululuum
739 786 1165 943 CHAPPEL

136 993 139 999 ¹
412 1051 901 1156 EPISCOPI
1036 1053 1041 1066 ’

271 1277 622 1443 Corcagietsss
665 1279 731 1399 ἃ
758 1281 1050 1444 Roffenfis.‘

485 1587 582 1695 Julii
602 1605 691 1702 30⁸.
718 1587 837 1700 1632.
918 1579 923 1587 ’

146 1927 152 1936 .
203 1857 209 1866 '
320 1855 438 1917 'OST
451 1853 533 1917 mille
546 1854 728 1939 quingentos
744 1861 774 1920 8<
788 1860 881 1924 oiiies
897 1863 999 1928 decem
1094 1913 1097 1920 .

356 1947 470 2018 Ammo,
493 1943 639 2007 secundus
654 1947 720 2008 orbi
739 1967 789 2010 me
800 1949 897 2026 dedit,
922 1952 982 2015 luci
998 1955 1059 2018 dies

356 2033 499 2124 Decimus
515 2033 701 2108 Decembris,
724 2037 849 2118 quintus
869 2040 938 2102 hinc
951 2040 1029 2106 fonti
1043 2045 1145 2108 Sacro.

357 2117 417 2184 Hic
430 2139 550 2204 mergor
565 2135 599 2182 ut
614 2119 715 2184 nostro
729 2125 862 2205 parocho
877 2147 940 2200 mos
954 2147 1028 2207 erat,

356 2211 436 2273 Hinc
449 2219 479 2287 ξι
492 2206 636 2270 renascor.
680 2211 709 2274 Ο
728 2209 795 2290 Jesu
812 2214 865 2275 tibi
880 2218 1006 2298 gratiae!

225 2301 330 2363 Annos
347 2298 425 2360 duos
440 2312 545 2359 natum
560 2297 740 2362 adoriuntur
753 2299 890 2382 pustulae,

183 2386 396 2470 Peniffimeque
409 2385 621 2448 exstinxerant.
666 2383 741 2450 Non
757 2387 796 2450 fic
815 2405 912 2454 tamen

183 2475 287 2539 Visum
301 2474 343 2537 est
358 2479 436 2549 De0,
458 2475 476 2537 i
489 2494 553 2558 quo
565 2476 658 2537 vitam
672 2475 770 2539 habeo
786 2475 863 2541 novi
878 2479 933 2545 hac
951 2483 1034 2544 vice:
1075 2479 1096 2542 f

182 2563 333 2648 Exspesto
349 2564 435 2628 tertii
448 2583 590 2626 coronam
604 2564 721 2644 glorio.

226 2656 270 2716 Ut
284 2654 407 2728 revalui,
432 2652 522 2735 patris
536 2651 664 2715 domum
676 2653 761 2716 bono
776 2675 842 2718 meo

154 2794 158 2800 .
182 2746 300 2826 Magno
313 2741 431 2824 reliqui,
455 2755 593 2820 acceptus
607 2742 692 2812 Aviae
711 2743 740 2801 &
755 2740 927 2806 Avunculo.

182 2829 340 2913 Septennis
354 2849 479 2912 operam
496 2827 588 2890 literIs
601 2831 682 2911 coepi
695 2829 776 2892 dare.

227 2918 435 3001 Septendecim
449 2935 544 2978 anuos
562 2932 651 2978 natus
668 2937 706 2979 eo
720 2917 958 3004 Cantabrigium,

182 3005 393 3070 Pembrokiam
406 3023 525 3087 parens,
547 3004 710 3068 avunculus
722 3005 848 3080 domum

182 3088 291 3157 Christi
304 3093 401 3176 eligit,
425 3089 606 3175 Christoque
620 3093 698 3156 duce
711 3093 774 3178 figo
791 3091 844 3156 hic
859 3093 980 3178 pedem.

183 3180 319 3245 Christus
334 3197 447 3257 tuetur,
471 3183 501 3243 &
516 3181 685 3243 Scholaiem
699 3203 750 3245 me
762 3179 844 3245 facit.

182 3272 273 3336 Binos
287 3269 399 3354 gradus
413 3265 548 3352 suscipio,
594 3271 708 3332 Verum
722 3269 799 3352 quid
814 3287 933 3354 agerem

183 3355 316 3422 incertus
330 3357 420 3420 haefi:
443 3373 545 3420 monet
560 3357 641 3419 abite
655 3359 782 3420 tenuitas
1130 3402 1135 3443 ·.

182 3439 368 3523 Parentum'3
392 3461 423 3508 at
436 3446 517 3508 idem
531 3444 667 3508 Christus
680 3445 731 3510 hic
748 3449 838 3530 Spem
853 3445 927 3510 mihi
942 3443 1014 3509 facit

139 3593 149 3612 ,
185 3535 334 3612 sodalitii,
356 3534 387 3598 &
401 3555 479 3596 anno
490 3530 629 3618 sequenti
644 3533 772 3617 perficit.

227 3624 307 3686 Mihi
319 3621 415 3686 fausta
434 3623 506 3705 Julii
522 3626 584 3686 dies
598 3621 773 3706 penultima¹

183 3712 313 3796 Aperuit
327 3710 490 3796 angustum
510 3711 593 3775 huuc
614 3711 715 3774 locum
732 3709 937 3794 paupercu103

183 3803 255 3864 Nou
269 3799 353 3863 clave
367 3820 526 3862 munerum
548 3814 601 3864 aut
623 3802 786 3863 Potentum
808 3799 926 3874 litteris,

183 3889 244 3953 Sed
267 3888 385 3973 (gratiae
400 3885 535 3970 Christo)
558 3892 745 3952 statutorum
760 3887 819 3950 vii.

182 3979 293 4041 AEtatis
307 3997 404 4040 annus
418 3977 468 4040 hie
481 3992 546 4040 erat
560 3975 727 4059 vigesfimui

185 4067 225 4129 Et
239 4065 376 4150 quintus,
400 4062 555 4150 annusque
569 4064 691 4126 Domini
707 4059 777 4144 Jesu
793 4065 852 4126 mei

184 4151 253 4216 Post
267 4154 344 4217 mille
358 4147 521 4237 sextiesque
540 4169 662 4216 centum
674 4149 827 4234 septimus.

184 4243 233 4305 Ex
248 4241 312 4318 illo,
336 4243 371 4304 iis
383 4250 455 4326 qu'ae
469 4241 507 4304 ad
523 4257 684 4324 utramque
696 4242 790 4302 vitam
805 4237 874 4305 sunt
894 4261 970 4326 opus

183 4329 381 4420 Circumfluo‚
401 4351 465 4415 qua
478 4328 586 4411 officia,
610 4349 672 4416 qua
685 4327 840 4396 beneficia.
916 4393 918 4398 .

1022 4416 1167 4497 Supremo
