2942 4884
174 233 254 344 pag
500 233 530 325 J„
569 214 813 297 nunaunt
846 228 1198 318 nnrrdunnrn
1247 237 1251 248 ’

334 436 336 441 ,
389 373 442 438 Te
456 369 541 432 deret
559 367 685 450 imperio
699 362 801 428 nostro
816 383 929 447 parere,
952 364 1065 434 sorores
1179 387 1186 400 ’

332 474 338 528 ,⁴
434 455 612 542 Suauisonas
626 452 692 516 isias
707 451 850 536 suspicere
863 471 955 537 atque
970 476 1062 522 meas,

331 539 335 617 ,²
386 531 603 626 ilrir'csscgum,
626 541 722 605 titulis
741 541 907 604 &nomine
932 543 1058 619 clarum,

331 642 333 647 '
433 633 568 702 Extolles
583 631 693 712 dignis,
717 648 766 690 me
785 631 943 704 monime,
966 633 1056 694 noris.

387 721 547 805 Ingenium
561 720 658 798 cujus,
684 737 793 789 mores,
814 713 969 800 virtusque
990 717 1136 799 modesta,

434 807 555 892 Judicio
567 802 682 888 semper
701 803 741 866 stc
765 804 900 888 placuere
918 825 999 884 meo,

389 899 434 975 Ut
455 895 541 958 terris
557 894 697 976 dignum,
718 889 764 954 vet
779 893 859 956 eoelo
878 893 999 970 cedias,
1023 894 1114 960 illum

432 985 578 1065 Optirirn·
592 982 736 1068 comitem
752 987 928 1063 perpetuum
945 980 1001 1044 elle
1017 985 1105 1046 mihi.

390 1073 471 1136 Nolo
485 1087 588 1154 taumu
608 1069 726 1132 radium
742 1067 832 1130 talem
847 1067 1011 1134 subducere
1034 1084 1132 1150 terrm,
1205 1091 1209 1098 ·

435 1157 572 1242 Fuigeat,
595 1153 729 1220 obscuris
743 1153 938 1240 restituatque
955 1159 1047 1224 diem.
1241 1226 1246 1236 ,

386 1248 553 1330 imperium
567 1245 627 1308 hoc
639 1243 773 1308 nostrum
788 1260 870 1308 vates
883 1248 1012 1310 extende
1025 1267 1148 1328 canore,

434 1337 480 1398 Ne
498 1334 622 1397 fimens:
646 1333 733 1405 vires,
756 1331 975 1416 eloquiumque
990 1335 1082 1399 dabo.
1207 1341 1213 1348 ’

390 1424 538 1488 Dixeratr
561 1417 735 1503 applausum
750 1417 912 1486 resonando
923 1419 1030 1490 dedere
1039 1425 1202 1502 &nnnc
1222 1497 1225 1506 ,

436 1514 477 1574 Et
491 1506 591 1573 subito
605 1505 685 1572 sedee
700 1508 865 1592 repperiere
875 1505 951 1572 suas.
1100 1527 1104 1536 ’

390 1601 437 1663 lm
463 1599 551 1660 ulerit
564 1618 629 1680 quo
646 1617 712 1669 nos,
736 1598 900 1680 Uriteslege
918 1598 1013 1676 beate,

438 1621 601 1769 imperium
616 1684 719 1761 Clarii,
741 1687 851 1752 ¹certior
865 1683 924 1767 ipse
936 1688 1029 1750 vides.

394 1778 463 1849 Tu,
484 1772 629 1856 quoniam
646 1773 767 1854 juvenis
782 1771 856 1836 milri
871 1773 918 1836 vel
934 1775 1128 1859 percognitus
1140 1767 1229 1856 olim,

432 1861 553 1944 Aspira,
577 1859 728 1944 &creptis
743 1859 853 1944 inclyte
868 1861 977 1946 plaude
999 1867 1082 1927 meis.
1196 1877 1200 1887 ·
1257 1864 1260 1875 '

391 1948 446 2027 Est
459 1955 543 2030 Dens
557 1951 588 2012 in
602 1949 699 2029 nobie,
721 1947 853 2032 agitante
870 1945 1038 2014 calescimus
1052 1951 1115 2034 illo,
1176 2026 1178 2037 ‚

441 2038 543 2102 Ardor
562 2040 593 2100 8r
612 2037 681 2100 inde
695 2037 769 2102 mihi
788 2037 887 2102 dicere
904 2035 983 2101 sada
1000 2053 1062 2106 tua.
1140 2045 1143 2050 '

402 2126 486 2190 Urbs
500 2121 568 2190 mea
582 2124 757 2188 Londinum
772 2125 878 2210 genuit
898 2141 927 2188 te
940 2125 1016 2189 clara
1039 2125 1184 2210 puellum,
1202 2127 1207 2137 ’

443 2218 484 2278 Et
503 2230 573 2277 tuus
595 2214 627 2275 in
647 2210 739 2274 dubie
762 2211 871 2275 nobilis
887 2212 957 2281 inde
973 2227 1067 2297 pater.

395 2306 426 2370 A
446 2304 554 2369 teneris
571 2299 655 2364 annis
668 2298 785 2364 coluisti
801 2297 920 2384 pedore
936 2315 1001 2366 toto

378 2417 382 2425 “
398 2389 401 2393 ’
440 2388 553 2466 Musas,
577 2388 618 2452 stc
631 2388 745 2451 Genius
755 2387 876 2468 jusserat
890 2385 949 2472 ipse
965 2389 1074 2455 bonus.

397 2484 525 2562 Argutae
538 2474 655 2540 resonos
669 2494 778 2540 nervos
793 2475 946 2551 testudinis
961 2493 1031 2562 apta·

444 2564 561 2637 Curasti
574 2565 682 2632 eximie
696 2560 849 2626 sollicitare
863 2586 963 2628 manu.

401 2657 442 2721 Et
456 2657 587 2719 Fortuna
605 2671 710 2735 pareus
725 2651 764 2713 fic
780 2669 808 2714 te
822 2655 972 2738 promovit
994 2653 1151 2719 alumnum

444 2742 500 2805 llla
512 2738 609 2814 suum,
633 2756 668 2802 ut
683 2739 850 2803 mediolan
874 2757 923 2802 tua
945 2755 1015 2802 nota
1031 2741 1107 2804 fotu

399 2827 628 2911 Grantannsque
642 2824 758 2890 scholas
781 2825 889 2911 peliisli
905 2827 999 2891 fidere
1020 2826 1135 2906 fauno,

444 2918 628 2979 Gardinerus
648 2932 710 2976 erat
723 2913 873 2978 fautor&
896 2916 946 2978 ille
967 2917 1032 2980 tibi.

399 3010 526 3087 Uroque
539 3008 685 3074 vicanum
703 3019 731 3066 te
751 3003 839 3064 dodin
852 3017 969 3073 ¹caterua
983 3003 1120 3080 uocabat,

342 3125 345 3150 ;
444 3094 580 3155 Contulit
596 3093 653 3154 hoc
667 3110 775 3154 numen
787 3089 997 3154 fundio'clara
1016 3095 1119 3174 patris.

400 3185 507 3247 Forma
517 3178 639 3242 venusin
652 3180 772 3262 quidem
791 3196 841 3241 tuu
855 3179 894 3242 fic
909 3183 938 3242 in
950 3178 1050 3243 fronte
1066 3179 1186 3256 reluxit,

445 3270 626 3350 Auricomus
641 3276 741 3329 vertex
754 3267 793 3331 stc·
808 3269 958 3350 nituitqne
974 3286 1053 3343 tuus,
1180 3261 1183 3267 ’
1209 3272 1213 3282 ’

400 3361 519 3421 Lumen
540 3359 569 3418 dr
585 3357 695 3438 ingenii
710 3358 766 3418 tibi
779 3355 821 3418 lic
836 3355 945 3418 affulsit
965 3357 1052 3430 acuti,

447 3449 533 3508 Tum
548 3447 642 3506 virtus
658 3443 697 3504 fic
712 3461 741 3504 te
755 3440 963 3506 condecoravit
984 3463 1086 3517 ovam,

341 3547 347 3606 ζ
403 3537 491 3609 Unus
514 3532 678 3594 multorum
696 3527 826 3592 cerre'fis
848 3529 926 3592 visus
945 3547 981 3594 ut
996 3529 1105 3593 instar:

341 3612 345 3705 ‚¹
447 3623 501 3682 Tu
518 3620 591 3680 mihi
606 3619 665 3680 mel
679 3616 815 3702 fragrans
831 3619 1032 3702 deliciumque
1048 3637 1173 3683 merum.

341 3711 344 3763 ἱ
399 3709 485 3794 Qid
501 3728 582 3770 nunc
596 3726 835 3781 commemorem,
859 3729 923 3790 quo
940 3703 967 3770 t'e
982 3707 1142 3770 Comoedia
1154 3705 1255 3774 Plauti

341 3814 345 3857 t
444 3797 570 3877 Accepit
590 3792 706 3876 plausu,
730 3795 814 3857 miles
830 3795 858 3856 8<
874 3793 922 3857 ille
938 3800 1078 3857 tumens?

401 3884 435 3946 si
449 3883 692 3964 mihi-judicium
707 3880 835 3946 solidum
852 3882 1005 3966 perfloruit
1020 3899 1165 3968 unquam,

406 4023 408 4027 ,
444 3973 542 4033 Aures
559 3969 647 4037 staur
668 3971 748 4032 oculi
770 3969 951 4051 praernluere
965 3972 1034 4046 mei,

400 4056 573 4143 Dispeream
594 4056 616 4120 fi
636 4078 696 4120 nou
711 4056 802 4128 fueris
819 4076 881 4122 ram
895 4059 1013 4120 lucidus
1029 4057 1121 4132 ador,

443 4151 543 4230 Qum
558 4145 612 4228 qui
629 4147 769 4226 maxime,
793 4147 821 4208 dr
838 4147 887 4208 hic
905 4145 1003 4210 dicere
1018 4166 1086 4209 vera
1100 4147 1197 4211 libet:

401 4233 578 4308 Sic‘oculon‚
603 4233 641 4295 stc
657 4233 704 4295 ille
719 4255 836 4310 manus,
861 4233 901 4298 fic
916 4254 968 4296 ora
978 4236 1112 4318 gerebat.

445 4323 494 4386 Sic
509 4341 634 4407 quoque
650 4317 813 4407 personuit,
835 4318 1014 4406 quisquis&
1030 4323 1079 4398 ille
1094 4320 1164 4403 fuit,
