2942 4884
219 198 464 267 ENCOMIA
498 201 748 271 lLLUSTR.¹
785 202 971 274 vtttotts

124 322 330 406 Bechensanus
344 328 402 390 erit
417 325 470 388 tibi
485 326 531 389 vel
546 324 639 388 tutela
653 325 776 408 politus,

169 420 258 478 Artes
272 416 326 496 qui
343 415 447 476 didicit
462 413 676 497 perdocuitque
690 413 796 492 bonas,

127 507 196 588 Qra
210 502 288 569 celer
300 503 423 583 ancipiti
437 499 561 564 decursu
574 501 698 583 profluit
711 506 807 566 amnis

170 588 233 665 Isrs,
258 587 337 651 disla
351 587 393 651 est
405 588 568 652 urbslfrdis
581 589 663 653 uude
674 590 815 653 Vanum:

128 677 166 756 Et
179 697 240 758 qua
253 676 417 744 Parthisros
431 676 584 738 collambit
595 680 732 759 Sequana
747 677 869 760 flumen,

169 765 256 827 Valle
269 784 362 848 vagus
377 764 485 839 media,
508 763 615 826 nobilis
630 766 713 827 urbis
727 765 834 830 honor.

130 855 180 916 Te
193 851 292 928 decet,
315 853 472 915 excultum
486 850 583 914 multa
597 853 748 935 impertire
760 851 851 922 salute
893 857 895 862 '

169 939 272 1016 Illum,
294 955 366 1002 narn
380 937 483 1003 studiis
497 939 602 1003 annuit
617 956 708 1023 atque
721 937 814 1004 favet.

128 1030 244 1111 Utpote
257 1029 312 1110 qui
325 1042 418 1090 certet
433 1027 602 1110 praeliantes
615 1024 733 1091 sortiter
744 1043 822 1091 artes

28 1166 29 1179 ,
170 1116 368 1199 splendorem
381 1114 419 1177 ad
433 1112 574 1178 solitum
561 1134 625 1194 Jam
639 1135 776 1178 revocare
789 1113 888 1204 suum.

28 1194 29 1207 ¹
129 1202 237 1267 Lesbio
251 1201 346 1265 multa
360 1202 495 1286 quidem,
514 1203 691 1286 linguarum
704 1205 735 1266 dt
748 1199 844 1288 gratia
859 1204 932 1269 felix

170 1291 254 1354 Illius
269 1287 322 1353 hic
335 1291 460 1370 caussam
482 1304 647 1372 promovet,
670 1306 770 1374 auget,
793 1293 865 1378 agit.

131 1377 239 1445 Officio
253 1398 347 1462 quare
357 1399 395 1441 ne
409 1375 494 1454 desis,
518 1377 605 1440 chare
619 1376 727 1454 libelle,

171 1467 360 1534 candoris
332 1487 419 1531 niveo
433 1461 463 1528 'a
478 1486 601 1531 munere
612 1465 709 1530 clarus
720 1468 787 1533 eris.

345 1607 398 1673 Ad
408 1606 523 1673 Helium
538 1609 694 1685 nolanum,
716 1607 843 1697 Hqfflrm.

129 1730 262 1864 HEsfe
280 1742 346 1804 tuos
359 1727 451 1810 libros
464 1745 567 1807 ratum
584 1727 775 1806 celeberrime
788 1727 859 1812 legi,

233 1821 274 1880 Et
287 1817 356 1880 lesli
367 1815 483 1899 summe
499 1816 691 1900 perplacuere
704 1816 798 1880 mihi:

131 1908 231 1980 Sentio
243 1902 370 1971 Nasonis
384 1907 490 1967 veriam
504 1901 681 1988 facilemque
694 1904 897 1988 fluentemque

114 2015 117 2019 ·
172 1991 289 2077 Ingenii
306 1991 403 2057 fontes
415 1991 495 2056 nunc
506 1988 619 2056 subiisse
633 1993 690 2055 tui.

25 2112 26 2157 ι
128 2083 272 2156 Mentior,
295 2079 360 2144 haec
374 2080 480 2144 eadem
494 2078 548 2142 nisi
564 2092 627 2142 tota
637 2081 788 2144 Britannia
802 2077 899 2143 nostra

172 2173 293 2254 Qanta
303 2165 346 2230 est
361 2167 404 2248 (&
417 2168 535 2248 merito)
551 2167 688 2250 praedicet
698 2184 790 2252 atque
803 2180 898 2232 canat.

25 2250 26 2325 i
129 2260 196 2321 Non
210 2276 289 2338 opus
302 2254 362 2318 esi
355 2277 387 2318 m
400 2277 431 2318 re
446 2251 597 2320 manifesta
612 2254 733 2318 testibus
750 2256 827 2332 ullis,

24 2392 25 2399 ι
173 2342 315 2408 Testibus
326 2344 377 2410 bic
391 2363 564 2427 quanquam
579 2362 634 2405 noc
648 2364 714 2407 mea
728 2345 817 2408 verba
831 2355 942 2408 carent.

24 2440 25 2507 i
131 2435 290 2497 omiserat
303 2431 493 2515 Burgra'tus,
500 2431 616 2514 eritque
628 2430 775 2518 Micocius
789 2432 876 2510 alter,

169 2518 268 2582 Tesiis
283 2519 469 2603 Bombergus
482 2519 585 2582 tertius
599 2519 653 2582 esfe
668 2518 774 2601 potest.

129 2611 213 2692 Qus
226 2620 356 2669 oratores
371 2607 388 2668 ai
402 2607 515 2676 Chatro,
533 2607 562 2668 dr
578 2609 696 2668 Saxone
710 2606 819 2682 missos,

159 2694 356 2777 Splendida
343 2715 405 2774 jam
421 2692 511 2761 nostri
527 2695 665 2778 principis
679 2694 747 2756 aula
760 2693 853 2757 fovet

132 2781 266 2864 Misimus
281 2803 349 2845 ecce
363 2784 417 2848 tibi
432 2779 529 2865 versus
542 2801 580 2844 ex
599 2796 732 2862 tempore
751 2796 848 2860 nator,

171 2869 302 2934 Delicias
317 2867 414 2932 Musae
428 2865 528 2954 quaeso
541 2870 660 2934 remitte
676 2883 746 2933 tuae.

260 3015 310 3080 Ad
322 3015 478 3079 Antonium
490 3017 650 3100 Denegum,
673 3017 817 3098 Equitem

133 3123 297 3298 ANtoni
320 3126 445 3187 eximios
459 3145 511 3207 qur
503 3123 637 3186 ‘'flores
629 3139 708 3188 inter
724 3123 845 3200 amicos,

257 3231 311 3273 uos
325 3211 407 3274 dedit
420 3212 540 3274 Henrici
554 3209 634 3294 regia
645 3211 721 3271 clara
735 3210 832 3272 mihi.

24 3306 25 3355 l
133 3302 181 3364 Te
196 3320 264 3362 mea
275 3299 451 3379 contendit
444 3296 522 3361 uslis
536 3297 685 3361 celebrue
695 3300 837 3360 Camoeua

24 3450 25 3471 ι
173 3387 343 3463 Laudibus,
366 3389 396 3448 8r
411 3407 521 3448 nomen
536 3385 639 3448 tollere
654 3384 691 3447 ad
706 3383 780 3446 astra
795 3401 895 3448 tuum.

24 3528 25 3537 ,
131 3473 167 3538 In
181 3476 286 3542 teneris
301 3477 384 3536 anuis
394 3474 493 3554 junsli
506 3475 694 3536 conviximus
708 3473 809 3550 ambe,

172 3566 256 3664 Qu.
254 3561 358 3624 docuit
371 3561 462 3624 tersus
479 3561 583 3623 Liliius
597 3559 656 3643 ipse
670 3558 779 3622 schola.

131 3653 159 3714 O
172 3650 289 3733 quoties
301 3649 403 3712 audita
413 3649 487 3712 mihi
500 3666 550 3710 rua
564 3648 654 3712 verba
666 3633 803 3714 serebant

173 3733 390 3822 Affiduosquc
379 3757 474 3818 jocos,
498 3733 681 3817 affiduosque
696 3732 785 3798 sales!

24 3834 25 3885 ἲ
131 3825 257 3907 Ingenio
271 3845 325 3887 nec
342 3839 370 3886 te
385 3821 544 3907 quisquam
557 3821 668 3886 felicior
683 3823 756 3896 acri,

174 3907 399 3993 Perpetuusque
413 3924 468 3972 ruo
481 3911 570 3973 fluxit
583 3910 621 3973 ab
634 3932 687 3972 ore
706 3911 800 3991 lepos.

131 3998 213 4062 Tum
226 3997 371 4060 desiderio
384 4016 490 4082 captus
502 3999 652 4081 peregrina
662 3995 796 4070 videndi,

174 4085 328 4148 Acceleras
341 4101 459 4160 votum,
482 4087 605 4167 duxque
616 4086 844 4148 Briennuserat.

133 4174 336 4256 ¹Cognitinque
351 4173 406 4237 tibi
420 4176 592 4256 linguarum
604 4173 672 4234 hinc
684 4171 787 4234 floruit
798 4169 869 4247 alta,
921 4226 927 4230 .
1048 4219 1051 4226 .

173 4259 404 4346 Perplact'titque
418 4262 515 4346 oculis
531 4259 646 4348 Gallica
662 4274 739 4325 terra
754 4259 826 4338 tuis,

935 4335 1073 4411 Senserat
1107 4301 1110 4310 γ
1142 4429 1146 4434 ,
